2534 3976
392 211 451 248 aera
468 213 562 249 susara.
582 195 602 248 Ι.
622 201 736 251 tt—on.
1000 197 1041 258 41

45 349 90 396 [11⁵]
99 345 251 418 liberosque
263 347 299 400 tie
311 351 489 416 procreatos
502 347 532 400 in
544 351 689 415 potestate
703 343 812 400 trabere
828 348 907 400 ciues
921 345 1047 401 Romani

96 431 132 483 ito
142 424 365 502 inteltepuntur,¹
377 431 400 485 si
412 426 487 485 ciniis
499 427 630 484 Romanas
642 445 740 484 uxores
752 428 891 498 duxerint,
907 428 952 483 nei
964 430 1043 484 etiam

25 515 27 564 ἴ
96 513 192 568 Latinas
211 515 423 587 peregrinasue,
449 529 510 570 cum
537 511 635 584 quibus
662 512 807 568 conubium
828 511 959 567 habeant:
983 529 1043 568 cum

96 597 159 651 enim
174 597 315 653 conubium
332 597 358 653 id
375 595 485 667 efficiat,
502 605 532 651 ut
547 595 623 652 libari
635 598 719 670 patris
731 597 917 652 condicionem
928 612 1044 670 sequan-

25 719 26 752 ,
96 689 142 748 tur,
158 683 256 751 euenit,
273 690 375 738 utnon
392 676 502 751 (sotum)
517 681 593 736 ciues
605 679 716 736 Romani
728 679 793 736 flant
807 689 850 735 set
866 678 912 752 (et)
928 681 954 735 in
967 689 1044 754 pote·

93 773 157 820 state
171 767 253 839 patris
274 767 340 822 sint.
379 761 424 824 67.
445 764 521 820 Unde
541 771 570 820 et
592 766 728 820 ueteranis
750 764 910 838 quibusdam
933 765 1044 820 concedi

93 848 157 904 solet
171 849 362 923 principalibus
377 848 619 906 constitutionibus
634 848 781 905 conubium
804 865 866 905 cum
886 849 928 904 bis
944 847 1044 904 Latinis

92 935 282 1006 peregrinisue,
298 949 366 1007 quas
382 933 481 1008 primas
497 941 560 1006 post
576 934 731 989 missionem
749 949 847 990 uxores
859 933 1000 1000 duxerint3
1016 939 1045 989 ct

93 1018 132 1089 qui
147 1033 179 1072 ox
193 1034 226 1073 eo
242 1020 413 1075 matrimonio
430 1026 595 1087 nascuntur,
611 1019 728 1074 ctciues
749 1017 861 1074 Romani
881 1019 951 1074 etin
967 1025 1044 1092 pote·

91 1109 181 1157 statem
195 1110 339 1175 parentum
355 1101 434 1159 bunt.
476 1097 536 1158 Μ’.
558 1102 637 1158 ’Cum
657 1104 811 1159 seruilibus
826 1119 897 1159 uero
911 1106 1046 1174 personis

91 1199 122 1241 ne
135 1191 254 1258 nuptiae
268 1188 382 1258 quidem
397 1195 472 1244 sunt.
514 1181 562 1245 ⁶8.
584 1187 643 1243 Sed
655 1202 710 1242 nec
729 1189 840 1243 liberas
853 1203 950 1244 omnes
964 1188 1046 1242 nobie

91 1287 194 1327 uxores
213 1273 324 1328 duam
341 1274 410 1328 lieet
417 1263 447 1327 :²
472 1287 533 1326 nam
555 1288 569 1325 a
591 1270 757 1344 quarundam
783 1272 885 1344 nuptiis
910 1270 1045 1325 abstinere

90 1354 220 1411 tenemus.
263 1351 313 1413 bb.
334 1355 467 1412 luterens
482 1355 554 1410 enirn
570 1371 717 1427 personas,
734 1371 805 1426 quae
821 1363 963 1426 parentum
979 1352 1045 1408 iibe-

90 1454 212 1496 rorumuc
232 1437 325 1496 locum
346 1441 419 1495 iuter
430 1429 464 1496 ῖο
479 1439 618 1514 optinent,
642 1439 751 1511 nuptiae
771 1438 897 1494 contrahi
912 1453 967 1493 non
982 1453 1046 1510 pos·

90 1531 156 1594 sunt,
171 1541 223 1580 neo
237 1526 311 1581 inter
326 1539 371 1580 ens
387 1522 534 1581 connubium
549 1532 606 1594 est,
624 1523 700 1578 uolut
713 1524 786 1579 inter
801 1531 905 1596 patrem
921 1529 949 1578 et
964 1520 1045 1578 iiiiam

91 1607 128 1662 uei
147 1609 220 1665 inter
238 1615 353 1664 matrem
373 1615 403 1664 et
423 1607 508 1664 fitium
529 1607 574 1662 uei
594 1609 666 1663 inter
680 1623 761 1663 annm
782 1617 810 1662 et
831 1615 954 1680 neptem;
975 1615 1003 1662 et
1023 1608 1046 1661 si

91 1691 149 1746 tales
163 1709 299 1766 personae
313 1694 388 1748 inter
400 1709 431 1748 sc
445 1693 577 1764 coierint,
599 1692 713 1747 nefarias
731 1686 735 1768 1
752 1701 780 1746 et
800 1694 917 1746 incestas
937 1691 1044 1762 nuptias
1056 1694 1098 1742 16.

90 1779 248 1833 contraxisse
263 1777 401 1834 dicuntur.
432 1785 459 1833 et
475 1777 540 1832 baec
555 1776 621 1830 adeo
637 1778 676 1830 ita
697 1784 778 1843 sunt,
800 1783 831 1829 ut
851 1775 974 1846 quamuis
996 1790 1046 1845 per

89 1859 255 1934 adoptionem
280 1869 423 1935 parentum
444 1861 628 1916 liberorumne
649 1859 711 1915 loco
737 1857 787 1914 sibi
807 1875 867 1913 esse
893 1859 1045 1930 coeperint,

89 1959 137 1999 non
150 1949 260 2019 possint
273 1946 346 2001 inter
360 1961 391 2000 ee
406 1945 578 2001 matrimonio
593 1944 732 2018 coniungi,
748 1943 904 2017 intantum,
922 1949 951 1998 ut
967 1943 1045 1997 ctiam

89 2026 216 2085 dissoluta
229 2030 377 2103 adoptione
392 2029 462 2086 idem
477 2031 544 2084 iuris
560 2035 679 2091 maneat;
703 2031 794 2102 itaque
809 2045 878 2100 eam,
895 2045 964 2102 quae
980 2025 1045 2082 mihi

88 2151 297 2166 *-

90 2223 160 2274 driani
177 2231 201 2274 et
213 2227 395 2290 superscripta
409 2241 422 2274 c
436 2241 515 2288 cuper
530 2225 644 2274 ultimam
661 2225 762 2274 literam
777 2241 800 2273 υ,
815 2224 966 2286 significauit,
982 2221 1048 2270 illud

89 2297 199 2345 retinens
209 2297 390 2347 Polemonem:
403 2297 556 2358 significatur
569 2297 623 2345 eie:
637 2310 698 2357 „uec
714 2309 751 2344 mc
766 2296 893 2359 praeterit,
910 2293 1046 2343 Galatarum

141 2369 222 2416 esse“.
243 2367 291 2418 sed
299 2383 356 2417 oum
365 2369 442 2416 enam
447 2373 509 2430 poet
515 2367 630 2430 praeterit
640 2369 727 2416 littera
737 2381 751 2414 a
761 2381 777 2414 a
787 2365 899 2416 librario
905 2365 993 2428 posita
1002 2364 1045 2424 eit,

90 2451 143 2486 mor
156 2440 222 2488 male
235 2446 377 2502 expuncta,
391 2454 448 2488 cum
458 2440 547 2501 potius
561 2439 579 2486 it
589 2445 651 2500 port
663 2453 719 2487 eam
728 2437 894 2500 repetendum
904 2441 978 2493 earet,
993 2449 1046 2482 ma·

90 2507 141 2556 iim:
155 2510 308 2572 significauit.
334 2505 390 2558 ‘nec
405 2523 442 2558 me
457 2505 593 2572 praetorit’,
608 2509 642 2556 ait
657 2503 816 2556 ‘Galatarum’
833 2514 881 2556 eta,
905 2521 971 2569 quae
990 2506 1046 2568 qui-

90 2577 140 2626 dem
154 2589 290 2630 corrector
299 2595 441 2646 perperam
454 2581 546 2629 noculo
561 2576 636 2643 c(um)
653 2579 745 2627 addita
760 2592 816 2625 cnm
831 2576 975 2637 significauit
985 2589 1046 2624 con·

91 2649 192 2714 inopere
210 2652 306 2710 votuit,
325 2666 412 2699 ueram
431 2651 524 2708 labem,
549 2665 614 2714 quoe
633 2649 732 2696 eratin
748 2645 815 2712 a(it),
835 2647 925 2695 tollere
944 2644 1046 2696 oblitus.

93 2716 110 2782 ¹)
124 2720 243 2771 Restitui.
267 2721 327 2785 Ipee
342 2720 468 2770 librarius
482 2723 602 2770 lacunam
616 2719 719 2768 uidetur
732 2717 895 2783 sip'uifioasee
909 2717 973 2766 duos
989 2731 1045 2764 uer·

90 2803 130 2838 ene
148 2807 244 2843 uacuos
262 2794 419 2856 relinquens.
485 2788 507 2857 ¹)
523 2789 625 2840 Rursus
639 2790 748 2839 duorum
763 2804 881 2838 aerenum
896 2789 1016 2837 lacunam
1030 2803 1047 2836 a

91 2859 195 2913 librario
204 2865 331 2921 relictam,
343 2864 529 2912 utsententiam
538 2862 723 2926 significarem,
737 2861 842 2924 repteni.
868 2859 900 2908 Iu
911 2859 952 2908 bie
965 2858 1048 2908 Gaiae

87 2933 168 2991 primo
187 2936 244 2985 loco
262 2935 396 2983 servitium
410 2947 583 2996 personarum
596 2934 747 2981 arentionem
761 2945 812 2980 non
828 2939 938 2994 praeter
952 2929 1047 2979 trabere

92 3017 138 3050 non
152 3007 246 3067 potuit.
280 3003 318 3067 Cf.
330 3011 439 3068 praeter
457 3005 498 3065 §5-
513 3015 533 3052 1.
548 3013 583 3052 ιο.
598 3002 620 3051 Ι.
635 3003 668 3052 de
682 3009 752 3065 nupt.
768 3000 800 3066 (t,
815 3002 851 3066 ιο)
875 3002 929 3066 unp.
944 3012 966 3058 5,
980 3013 1001 3050 t.
1017 3011 1047 3058 5.,

92 3074 162 3123 cuiue
175 3077 329 3126 auctoritati
338 3077 401 3138 plue
415 3073 577 3123 tribuendum
588 3074 651 3136 suit,
666 3089 741 3136 quom
750 3072 813 3137 Bpii
823 3075 850 3121 in
864 3073 904 3122 ed.
915 3082 946 3129 5.,
960 3073 1048 3120 atiena

91 3141 151 3193 baec
161 3161 177 3194 a
188 3145 290 3195 Gaiana
299 3146 508 3195 commentatione
517 3159 571 3193 eece
580 3146 725 3193 statuentia.
751 3143 815 3193 Post
823 3145 935 3206 epatium
945 3138 1048 3189 ‘Scien-

92 3212 147 3262 dum
161 3224 243 3266 autem
258 3223 297 3266 eet
310 3231 361 3266 non
376 3231 461 3266 omuee
476 3214 549 3264 nobie
564 3229 662 3264 uxoreo
675 3215 772 3266 ducere
786 3209 877 3262 tiaere'
894 3213 933 3262 ed.
948 3210 997 3275 Bp.

92 3335 300 3350 -—u-——-—-

160 3405 184 3476 §-
199 3412 241 3461 57.
265 3409 303 3473 Of.
324 3409 426 3459 tabulas
443 3409 566 3458 honestae
584 3407 726 3464 missionis,
747 3419 812 3469 quae
833 3403 919 3453 adbuc
934 3412 1046 3454 uastant.

93 3471 133 3544 §fi-
149 3481 188 3530 58.
204 3484 245 3532 59.
262 3501 295 3522 =
310 3483 333 3542 5.
349 3494 368 3530 1.
388 3480 411 3528 I.
426 3480 458 3529 de
477 3486 548 3544 nupt.
564 3477 596 3543 (1,
610 3473 655 3543 io).
678 3478 716 3540 Cf.
736 3475 790 3540 Uip.
806 3485 827 3532 5,
842 3486 863 3525 o.
884 3473 960 3524 Paul.
976 3487 1044 3536 2,19.

94 3549 115 3607 5.
130 3561 150 3598 o.
170 3551 258 3600 Cattae.
274 3563 295 3626 o,
310 3563 329 3602 e.
346 3553 368 3613 ς.
385 3564 405 3600 1.
