2470 3972
227 196 291 260 192
462 227 465 234 ·
502 213 560 250 asu
579 213 674 248 ιιιιιι.
693 194 741 247 111.
757 199 907 249 eos-211.
985 219 992 226 ι

225 345 298 402 'dolo
314 339 404 400 melo¹
422 344 529 418 lecerit3
548 361 600 417 quo
616 343 650 398 de
666 359 759 400 censa
775 333 828 420 (si)
843 357 888 397 res
907 343 932 397 ei
948 341 1078 415 subrepta
1094 340 1176 413 luerit,

225 429 298 503 'quia
319 429 504 486 restituendae
520 421 596 483 eius²
618 427 738 484 ’nomine
754 419 885 484 octionc³
900 425 1020 500 depositi
1041 442 1097 481 non
1112 433 1176 482 tene·

228 524 281 584 tur,
304 530 355 570 nec
377 512 412 568 ob
434 512 461 568 id
484 514 542 568 cius
557 513 681 582 interest,
704 527 761 568 rem
784 511 885 580 saluum
901 527 972 580 csse,
996 503 1083 566 lurti⁴
1106 525 1176 583 agere

227 615 283 654 uon
299 606 400 671 potest,
416 604 459 653 set
474 613 504 653 ea
520 597 590 653 actio
606 597 717 652 domino
732 596 863 670 conpetit.

290 677 363 739 208.
385 681 414 736 ln
429 697 533 737 surnma
548 679 687 736 sciendum
700 690 752 750 est,
765 681 917 754 quaesitum
932 696 1001 751 esse,
1018 695 1052 735 an
1064 678 1177 753 impubes

229 783 286 822 rem
302 766 413 823 alienam
430 765 586 822 amonendo
602 764 704 820 lurtum
720 765 809 821 iaciat.
853 763 994 837 plerisque
1009 763 1110 838 piacet,
1126 764 1177 836 quir

228 851 330 908 lurtum
352 867 385 906 ex
405 850 516 922 adfectu
531 850 673 919 consistit,
693 851 730 906 ita
751 848 858 904 domum
881 846 998 922 obligari
1018 865 1052 904 eo
1076 849 1177 904 crimine

229 934 404 1008 impuberem,
427 936 450 988 si
471 935 610 1007 proximus
626 933 762 1006 pubertati
784 933 820 989 sit
840 929 924 988 et'cb
940 931 967 987 id
990 933 1141 1007 intellegat,
1155 948 1178 986 sc

229 1018 396 1090 delinquere.

291 1097 363 1161 209.
388 1101 439 1168 Qui
453 1117 497 1157 res
512 1101 611 1157 alienas
627 1103 708 1174 rapit,
725 1108 834 1157 tenetur
849 1102 929 1156 etlam
942 1100 1023 1157 iurti:
1041 1103 1104 1176 quis
1119 1101 1178 1157 enin

229 1187 315 1260 magis
335 1185 447 1241 alienam
467 1201 523 1241 rem
544 1186 632 1242 inuito
652 1185 762 1241 domino
778 1194 951 1257 contrectat,
973 1201 1055 1259 quom
1070 1185 1127 1259 ’qui
1141 1178 1178 1240 ui⁵

228 1271 315 1343 repit?
330 1263 442 1343 itaquel
456 1269 542 1341 rect(e
557 1266 671 1342 dictlum
687 1277 743 1339 ost,
761 1285 823 1326 eum
838 1268 991 1344 improbum
1007 1270 1097 1327 iurem
1112 1285 1177 1340 osse,

228 1363 270 1410 set
286 1356 424 1428 propriam
439 1355 570 1411 actionem
587 1355 645 1409 eius
659 1352 753 1410 delicti
774 1357 884 1410 nornine
900 1362 1010 1427 praetor
1025 1353 1219 1422 intrationem

229 1455 298 1511 quae
323 1438 473 1512 appellatur
494 1439 520 1494 ui
545 1440 678 1494 bonorum
699 1445 855 1512 raptorum,
878 1447 906 1494 et
928 1447 971 1494 est
994 1441 1067 1495 intra
1089 1454 1178 1494 annum

167 1556 170 1564 ¹
231 1515 398 1596 quadrupli,⁷
415 1531 478 1595 post
493 1537 591 1577 annum
606 1521 713 1594 simpli:
730 1537 798 1595 quoe
811 1525 883 1578 actio
899 1522 974 1578 utilis
991 1532 1045 1595 est,
1062 1525 1113 1578 etsi
1129 1523 1179 1595 quis

230 1622 307 1660 urnam
323 1623 390 1669 rem,
406 1606 470 1662 licet
484 1608 627 1676 minimam,
645 1608 774 1678 rapuerit.
1218 1609 1219 1612 ’

291 1685 360 1748 210.
383 1690 475 1746 Damni
497 1692 609 1747 iniuriae
632 1691 702 1746 actio
724 1691 900 1747 constituitur
921 1708 971 1764 per
993 1691 1086 1766 legem
1109 1691 1178 1763 iqui·
1218 1663 1219 1706 ¹

229 1775 301 1844 liam,
317 1777 393 1831 ouius
412 1776 501 1848 primo
523 1777 610 1849 capite
633 1783 742 1831 cautum
765 1783 822 1845 est,
848 1773 898 1850 (ut)
922 1777 945 1831 si
968 1777 1030 1849 quis
1053 1777 1177 1832 hominen

157 1855 218 1904 183.
230 1858 346 1915 alienum
366 1857 370 1932 Ι
390 1853 597 1936 ’tattlenamuel
612 1858 822 1932 quadrupedem,
839 1875 908 1932 quac
919 1859 1060 1932 pecudum
1075 1873 1177 1916 numero

229 1944 278 2011 sit,
296 1944 391 1998 iniuria
408 1943 552 2014 occiderit,
575 1943 669 2016 quenti
682 1958 714 1998 ea
730 1959 773 1999 ros
789 1943 815 1999 in
832 1959 865 2000 co
880 1961 952 2000 euno
967 1943 1079 2018 plurimi
1095 1944 1177 2008 inerit,

230 2034 333 2082 tantum
357 2021 436 2082 'ecel'
459 2025 569 2082 domino
584 2027 648 2082 darc
664 2026 815 2084 damnetur.
851 2025 912 2087 211.
934 2028 1043 2084 'iniuria
1052 2021 1078 2062 ¹⁰
1100 2036 1177 2084 auten

303 2191 322 2258 ¹)
336 2193 386 2244 Sic.
395 2197 472 2244 etiam
481 2195 546 2248 Inst.
562 2197 615 2246 dolo
630 2197 689 2245 edd.
712 2195 765 2246 Sed
778 2197 840 2246 malo
850 2213 902 2260 per
912 2211 935 2246 m
950 2205 1067 2248 notatum
1081 2197 1176 2247 aberro

229 2266 265 2314 uit
279 2266 305 2314 in
319 2267 479 2330 superiorem
494 2281 603 2326 versum,
618 2267 662 2316 ubi
672 2267 732 2316 inde
743 2269 843 2331 sactum
853 2275 1001 2331 praestatum
1011 2284 1065 2334 pro
1074 2273 1176 2333 praestet.

156 2335 159 2340 “
231 2332 252 2400 ²)
267 2334 312 2385 Sic
327 2335 474 2387 recte'Inst.
490 2353 550 2402 quoe
565 2337 713 2387 restituendo
728 2345 765 2387 est
779 2339 830 2388 eius
847 2339 872 2392 0.
893 2337 938 2404 (ex
957 2355 1051 2390 errore
1069 2347 1175 2400 notaetp

229 2413 254 2454 et
269 2421 281 2454 e
296 2409 360 2456 mnle
375 2423 427 2471 pro
447 2415 509 2458 nota
526 2407 618 2473 annuo)
637 2409 695 2458 edd.
760 2404 781 2476 ⁸)
795 2411 891 2458 nomine
910 2411 968 2460 edd.
988 2412 1048 2460 item
1066 2409 1129 2460 Insl.
1143 2423 1176 2456 oo·

229 2477 356 2525 nomninoe
372 2477 402 2527 0.
415 2480 517 2528 scilicet
526 2495 578 2542 pro
593 2481 689 2528 nomine
704 2479 774 2529 ao'ri‘e.
800 2481 837 2544 Cf.
855 2477 961 2530 ‘Gaius’
976 2497 1003 2545 p.
1014 2493 1062 2532 108.
1109 2477 1129 2547 ⁴)
1144 2478 1176 2528 ln

229 2546 293 2596 Inot.
314 2549 370 2598 lurti
388 2550 468 2613 itaque
489 2550 515 2599 C.
537 2550 608 2606 edd..
630 2558 659 2600 at
678 2551 739 2601 binc
758 2567 824 2601 noua
839 2551 966 2614 periodus
985 2554 1104 2616 incipiat.
1134 2547 1177 2599 Set

228 2621 368 2681 superiora
382 2622 447 2669 vitia
461 2621 611 2684 effecerunt,
627 2629 655 2670 ut
668 2621 795 2672 librarius
809 2623 833 2671 ll.
849 2625 866 2671 l.
882 2621 961 2686 it'aquc
971 2623 1004 2672 de
1013 2638 1061 2673 suo
1071 2622 1174 2673 adderet.

230 2687 251 2753 ⁶)
267 2689 311 2738 Ec
325 2689 389 2740 Inst.
404 2698 429 2740 et
442 2690 490 2757 Bp.
505 2694 538 2756 ci.
558 2692 598 2755 qui
618 2689 718 2753 (notata
732 2692 758 2758 q)
774 2693 801 2742 0.
815 2693 874 2747 edd.
926 2689 960 2757 ⁴)
974 2692 1122 2744 Secundum
1139 2689 1161 2740 V
1161 2685 1176 2720 ¹*

226 2761 314 2821 possis
328 2763 441 2823 opinari,
454 2771 515 2825 post
529 2764 630 2812 litterae
645 2764 663 2812 it
677 2766 742 2813 mule
756 2765 880 2826 repetitas
895 2765 1029 2830 tepentium
1043 2779 1113 2820 esse:
1125 2758 1174 2825 alut)
1216 2731 1217 2823 l

230 2827 298 2894 n(on)
315 2834 319 2888 t
335 2839 400 2880 recte
416 2833 569 2892 dictumest,
589 2848 643 2882 eum
658 2835 793 2897 improbum
813 2835 888 2884 iurem
903 2837 974 2885 esse?
1033 2832 1054 2900 ⁷)
1067 2834 1109 2884 Ita
1122 2833 1173 2882 Insl.

230 2900 291 2950 ectio
306 2901 407 2950 addunt
417 2902 443 2954 0.
459 2904 516 2955 edd.
529 2901 614 2972 [actio]
629 2905 668 2956 ed.
679 2904 753 2954 Stati.
805 2901 826 2971 8)
841 2901 886 2954 Bc
900 2903 965 2958 Inot.
980 2913 1005 2955 et
1014 2906 1047 2958 L.
1057 2917 1069 2956 2
1080 2921 1123 2969 pr.
1132 2904 1173 2953 tt.

230 2971 370 3020 emendavi.
405 2987 488 3022 camno
508 2975 594 3036 (initio
610 2974 737 3042 popinae)
759 2976 785 3025 Ο.
804 2976 862 3036 edd.
895 2975 950 3026 Sed
969 2979 1107 3026 alienamus
1126 2971 1173 3024 edd·

229 3039 277 3105 Bp.
292 3051 313 3092 ὁ.
331 3049 356 3090 et
372 3041 448 3092 Stati.
517 3041 538 3108 ⁹)
553 3045 647 3095 Alieno
666 3049 723 3096 loco
742 3062 777 3096 eac
790 3037 907 3112 maraine
918 3055 984 3112 puta
1002 3049 1138 3110 repositam
1153 3044 1173 3090 t'o

227 3113 316 3162 codem
330 3128 406 3162 uersu
421 3121 480 3164 ante
495 3115 582 3165 iniuria
594 3116 620 3165 Ο.
635 3117 710 3166 dubet
725 3118 754 3180 is,
768 3116 833 3170 Inst.
844 3119 1000 3182 ignoratum,
1011 3118 1079 3167 unde
1088 3132 1126 3166 ses
1135 3109 1173 3179 (es)

229 3185 580 3316 coeptitutumbncreuocuui.
606 3187 644 3250 Cf.
660 3187 692 3236 L.
707 3198 719 3236 n
730 3203 774 3250 pr.
791 3190 833 3240 cit.
902 3185 924 3216 ¹⁰
950 3189 972 3238 is
987 3189 1074 3238 iniuria
1089 3182 1172 3237 dett

265 3261 336 3306 .noi.
351 3265 371 3306 8.
900 3285 905 3298 ·

229 3357 443 3370 —--....—-...

302 3409 327 3479 ς.
342 3415 403 3464 eos.
418 3436 452 3456 =
467 3416 490 3476 §-
502 3426 535 3464 ιι.
555 3414 577 3466 1.
593 3415 625 3464 n.
642 3415 680 3480 cs.
696 3417 728 3466 n.
743 3430 781 3468 111
788 3433 832 3481 pr.
852 3418 884 3469 o.
899 3418 931 3468 ue
945 3434 1000 3483 rep.
1015 3419 1068 3468 sar.
1082 3415 1124 3482 (n,
1137 3410 1171 3476 u).

230 3478 257 3548 ἕ.
273 3483 473 3546 209.==pr.l.
493 3485 525 3533 de
544 3487 571 3533 vi
588 3485 645 3535 bon.
660 3495 729 3550 rapt.
744 3487 780 3552 (e,
795 3487 826 3554 s).
853 3488 892 3552 Of.
907 3489 939 3538 L.
954 3501 974 3540 a.
998 3491 1038 3552 ἓξ.
1053 3499 1085 3538 ιο.
1098 3499 1129 3536 tt.
1146 3482 1171 3529 ll·

231 3551 394 3616 eorpus).
452 3550 477 3620 ς.
494 3556 741 3618 nro.=pr.1.ue
756 3561 771 3610 r.
788 3560 875 3624 Aqun.
891 3557 922 3625 (ι,
937 3558 968 3624 at
1026 3551 1171 3627 §.otili
1214 3597 1215 3630 ι
