2464 3978
351 197 408 232 ann
426 197 519 232 merra.
538 180 586 234 ΙΙΙ.
606 187 751 236 ete-102.
968 180 1032 246 165

75 325 212 397 credebat,
228 335 275 383 aut
290 327 380 384 locum
396 345 501 384 sacrum
515 329 559 385 uel
571 329 740 404 religiosum,
753 345 833 402 quem
846 329 958 403 putabat
969 345 1032 388 esse
1051 399 1053 402 ¹

75 410 183 466 humani
198 411 265 468 iuris
281 411 339 468 :lari
355 409 530 486 (stipuletur.
569 409 630 476 07².
654 415 726 470 Item
742 417 768 470 si
781 416 846 486 qais
861 429 939 485 rem,
954 431 1031 488 qaae

74 498 102 550 ia
122 511 223 552 rerum
242 498 350 553 natare
372 513 435 553 esse
455 515 513 554 aaa
531 506 641 570 potest,
664 501 743 555 :relat
757 496 1031 573 hippocentaurum)

74 573 249 653 stipuletur‚¹
271 597 357 654 aeque
378 582 482 637 inutilis
503 591 546 638 est
567 583 717 656 stipulatio.
766 578 816 639 98.
839 583 904 638 ltem
926 585 949 638 si
971 584 1031 656 quis

74 663 121 718 suh
135 679 166 720 ea
182 664 342 722 condicione
357 665 521 739 stipuletur,
538 683 606 740 quae
621 667 738 724 existere
753 684 808 724 nan
829 675 936 740 potest,
952 671 1032 724 aetut

74 744 106 802 ‘si
120 748 208 821 digito
224 750 333 806 caelum
349 749 494 824 tetigerit',
515 749 619 807 inutilis
640 760 682 808 est
703 751 853 826 stipulatio.
889 752 936 807 sed
957 751 1032 825 lega·

74 841 128 888 tum
148 832 201 888 sub
221 833 372 908 impossibili
399 834 557 892 condicione
582 835 706 892 relietum
732 837 820 894 nostri
841 845 1031 910 praeceptores

72 916 187 990 proinde
208 917 299 974 deberi
321 926 432 992 putant,
454 936 485 976 ae
505 921 528 974 si
543 921 607 975 sine
626 919 786 976 condicione
802 919 927 976 relietum
943 927 1031 987 esset;

72 1001 201 1058 diuersae
216 1002 327 1059 seltolae
341 1011 466 1059 auctores
481 997 568 1059 ’nora²
590 1006 679 1060 minus
694 1005 813 1078 legatum
829 1005 924 1060 inutile
941 1005 1032 1061 existi·

73 1094 154 1159 mant,
171 1104 252 1160 quam
265 1087 480 1160 stipulationem:
496 1097 525 1144 et
535 1091 658 1144 sone-uix
669 1088 766 1145 idonea
778 1089 946 1145 diuersitatis
959 1089 1028 1145 ratio

72 1169 146 1226 reddi
166 1180 269 1245 potest.
314 1167 365 1229 99.
389 1171 529 1228 Praeterea
553 1173 656 1228 inutilis
679 1182 722 1229 est
743 1172 911 1248 stipulatio,-
925 1175 949 1229 si
971 1174 1031 1246 quis

73 1257 219 1328 ignorans,
241 1271 298 1312 rem
320 1272 395 1312 suam
419 1272 495 1326 esse,
511 1257 570 1312 dari
591 1256 642 1312 sibi
665 1273 722 1314 eam
744 1257 903 1331 stipuletur:
927 1259 1030 1331 quippe

74 1339 143 1412 quod
167 1340 279 1397 alieuius
302 1349 353 1411 est,
377 1340 403 1396 id
427 1342 451 1396 ei
472 1341 530 1396 dari
552 1357 607 1397 non
623 1350 726 1414 potest.
761 1337 831 1398 100.
854 1342 973 1414 lienique
989 1343 1030 1396 in·

74 1424 212 1480 utilisest
235 1425 296 1496 talis
318 1424 474 1498 stipulatio,
497 1427 520 1480 si
543 1426 604 1498 quis
626 1427 662 1481 ita
685 1425 742 1481 dari
765 1425 927 1499 stipuletur:
950 1439 1034 1483 rosr

74 1521 204 1565 norrun
216 1525 303 1566 nean
314 1525 392 1566 nnn:
403 1511 562 1568 seosnss?
578 1509 621 1565 uel
633 1511 685 1566 ita:
702 1509 788 1581 (rosr
798 1525 934 1568 marren
947 1526 1034 1568 rrrn

77 1607 317 1654 uratseortuesr
341 1598 421 1650 ualet
447 1602 555 1664 autem,
579 1598 605 1650 si
626 1599 690 1668 quis
708 1597 749 1650 ita
771 1597 839 1651 dari
860 1595 1033 1666 stiptdetar:

77 1693 139 1734 erm
149 1693 278 1746 mantra,
294 1693 534 1738 pretereuntes:
549 1681 597 1735 ael
607 1682 648 1735 ita
657 1676 675 1754 ε)
689 1694 752 1738 (ΝΜ
764 1694 1014 1749 nominassem
1028 1673 1031 1756 l

76 1763 231 1820 seorsus?
246 1763 273 1818 id
289 1772 342 1835 est,
358 1765 431 1818 utin
446 1764 626 1820 nouissimum
641 1764 713 1818 uitae
728 1773 839 1837 tempus
855 1762 1096 1836 stipulatoris165·

76 1855 119 1902 aut
130 1845 304 1920 promissoris
316 1847 448 1922 obligatio
460 1847 630 1905 conteratur:
647 1863 708 1903 nam
718 1847 859 1921 inelegans
871 1862 932 1903 esse
944 1848 1032 1902 uisum

76 1939 128 1999 est,
152 1938 186 1987 ex'
212 1931 318 1988 heredis
339 1949 455 2006 persona
477 1933 596 2006 insipere
618 1931 822 2006 obligationem.
864 1947 972 1987 rursum
994 1933 1032 1987 ita

75 2015 195 2088 stipulari
209 2033 265 2073 non
281 2033 440 2090 possumus:
461 2033 572 2074 earnis
594 2032 681 2081 oven
701 2011 836 2088 noman,
857 2024 1032 2088 autrannus

20 2111 163 2162 [esteves
177 2117 336 2170 mosinius,
360 2117 438 2158 osni
462 2101 620 2159 spossus?
642 2103 704 2175 quia
722 2117 776 2157 non
792 2108 884 2176 potest
899 2101 977 2157 aliter
991 2103 1032 2156 in·

76 2183 168 2258 tellegi
183 2184 268 2258 pridie
284 2202 364 2259 quam
378 2185 474 2258 aliquis
489 2187 630 2256 morietur,
647 2187 765 2260 quamsi
781 2201 854 2242 mars
870 2193 964 2241 secuta
980 2186 1032 2252 sit;

74 2283 169 2324 rursus
191 2278 278 2326 morte
300 2279 394 2327 secuta
416 2271 443 2325 in
465 2271 641 2344 praeteritum
664 2269 823 2326 redducitur
842 2267 981 2342 stipulatio
1005 2277 1033 2324 et

74 2351 272 2422 quodammodo
296 2354 355 2410 talis
378 2363 433 2412 est:
456 2370 575 2411 uenum
596 2369 660 2411 uuo
680 2367 758 2410 nent
781 2354 940 2410 sponsus?
964 2368 1033 2425 quae

76 2451 140 2493 sane
155 2436 256 2493 inutilis
272 2447 324 2493 est.
356 2436 421 2496 101.
436 2437 633 2511 Quaecumque
644 2438 677 2493 tle
692 2446 780 2508 morte
796 2438 922 2508 diximus,
938 2436 1031 2492 eadem

78 2527 104 2574 et
126 2520 158 2576 de
179 2523 274 2596 capitis
302 2521 481 2579 diminutione
508 2522 580 2579 dicta
602 2521 803 2596 intellegemus.
847 2516 913 2604 102.
937 2521 1033 2576 Adhuc

150 2705 169 2773 ¹)
183 2709 289 2759 Laetam.
310 2724 344 2758 em
363 2711 386 2772 ἐ.
402 2723 422 2760 1.
446 2709 508 2759 Ι.Ιι.
523 2716 540 2758 t.
557 2706 592 2774 (e,
608 2707 644 2772 le)
662 2710 798 2772 supplerit.
832 2707 915 2758 Plane
934 2707 1036 2772 aliquid

80 2775 109 2825 ab
122 2769 333 2844 ὁμοιοτὲλεύτον
352 2781 467 2836 excidit:
485 2780 532 2830 sed
549 2781 626 2830 etia'nr
645 2779 720 2828 alind
737 2781 839 2830 inutilia
857 2779 1035 2842 stipulationis

80 2853 215 2914 exempturo
231 2852 316 2914 faisse
326 2858 424 2914 potest,
444 2853 513 2901 relat
526 2850 596 2913 faeti
615 2849 787 2914 impossibilis.
815 2848 864 2915 Bp.
879 2856 938 2900 ante
954 2845 1031 2900 ‘esse'

78 2933 209 2983 perperam
223 2922 329 2972 addidit
345 2918 407 2972 ‘noa
421 2929 468 2982 est,
482 2918 549 2971 aat’.
601 2917 623 2986 ²)
638 2936 668 2970 uo
685 2919 711 2972 0.
731 2921 804 2970 nihilo
819 2921 859 2989 ed.
874 2919 948 2970 Stad.

146 3112 171 3183 §.
186 3119 228 3168 99.
250 3116 289 3180 Cf.
300 3116 371 3180 Epit.
381 3128 402 3175 2,
412 3127 432 3168 e.
448 3118 471 3178 ξ.
481 3128 503 3168 6.
518 3116 550 3164 L.
567 3129 586 3166 1.
601 3118 625 3178 ἓ.
637 3128 670 3166 11.
685 3117 718 3165 D.
734 3117 767 3166 de
781 3115 829 3166 obl.
845 3123 869 3164 et
883 3122 933 3164 act.
946 3121 990 3177 itt,
1001 3114 1032 3171 ti.

82 3183 102 3242 §-
116 3197 147 3234 11.
162 3186 183 3236 Ι.
199 3187 222 3236 tr.
238 3195 255 3236 t.
271 3185 303 3252 (s,
318 3186 363 3253 te).
389 3189 412 3249 ξ.
428 3198 461 3237 1o.
481 3187 503 3235 Ι.
524 3187 556 3236 de
574 3187 663 3237 iered.
678 3189 736 3237 inst.
752 3185 788 3252 (e,
804 3185 848 3251 14).
869 3185 945 3234 Paul.
961 3196 981 3243 e,
995 3180 1032 3235 ab.

82 3253 102 3312 ξ.
117 3268 135 3305 1.
150 3257 181 3306 L.
192 3271 212 3308 1.
228 3258 260 3307 D.
271 3259 304 3308 de
314 3259 415 3308 condic.
426 3259 485 3307 inst.
496 3255 583 3323 (18.7).
598 3257 630 3306 L.
646 3269 680 3309 et.
695 3257 727 3306 D.
744 3259 775 3306 de
790 3256 839 3306 obl.
849 3263 875 3306 et
884 3263 934 3306 aot.
945 3254 990 3320 (tt,
1000 3255 1031 3321 t).

83 3319 105 3389 §-
119 3327 158 3377 99.
175 3329 213 3392 Cf.
229 3329 260 3378 L.
272 3342 293 3379 1.
308 3331 332 3391 5.
344 3341 377 3379 ro.
388 3329 420 3377 1).
435 3330 467 3378 de
482 3329 530 3379 obt.
546 3336 572 3378 et
584 3335 635 3378 act.
647 3327 692 3394 (tt,
703 3327 739 3394 a);
755 3327 859 3391 intrat,
869 3339 890 3377 t.
905 3329 946 3389 βξ.
961 3337 982 3377 s.
997 3337 1032 3376 se.

82 3393 102 3441 Ι.
116 3397 145 3446 ae
159 3401 241 3449 inurit.
252 3401 311 3463 stip.
323 3398 354 3465 (e,
365 3397 409 3466 te).
460 3395 485 3468 ξ.
498 3401 557 3450 100.
575 3399 613 3463 Cf.
628 3399 699 3462 Epir.
715 3411 736 3461 r,
746 3410 766 3449 e.
782 3399 822 3460 ἐξ.
834 3410 854 3449 r.
865 3409 885 3449 s.
902 3399 942 3460 ἐξ.
954 3409 986 3448 1e.
999 3407 1034 3448 rs.

82 3464 138 3516 tt.
152 3477 169 3517 r.
184 3467 215 3534 (s,
230 3468 266 3536 re)
281 3478 306 3519 er
320 3482 341 3528 a,
356 3482 402 3521 ees.
418 3481 466 3521 ara.
485 3483 506 3527 e,
521 3481 568 3520 na.
583 3481 631 3520 ne.
647 3480 693 3521 ros.
709 3481 755 3521 ns.
807 3464 832 3536 5.
850 3471 909 3519 101.
931 3468 969 3531 Os.
985 3477 1032 3518 ms.

52 3539 59 3553 ·
83 3534 112 3587 L.
124 3549 149 3590 as
158 3555 200 3602 pr.
216 3541 248 3590 a.
264 3541 296 3590 ote
310 3543 385 3591 soter.
400 3539 446 3606 (ts,
460 3539 492 3606 a).
578 3536 604 3608 ᾗ.
621 3541 680 3591 102.
702 3540 741 3603 Cf.
756 3541 780 3601 §-
795 3550 816 3590 s.
831 3539 853 3588 Ι.
868 3539 893 3588 Ιι.
908 3547 925 3588 t.
941 3537 1032 3626 tesia).
