2464 3978
317 226 374 260 eeu
392 225 484 260 meme.
504 205 538 259 II.
559 211 708 260 aet-261.
925 201 990 269 133
1036 276 1041 290 Ι

27 367 110 413 totam
127 355 310 412 hereditatem
326 357 469 411 restituere
486 363 599 428 rogatus
615 354 666 423 sit,
689 353 764 412 loeus
786 357 828 410 est
843 351 999 426 Pegasiano.

28 451 137 497 senatus
154 439 295 496 consulto.
329 435 395 498 257.
419 439 466 495 Set
480 441 514 511 is,
531 439 578 510 qni
593 436 678 492 semel
694 436 789 492 adierit
801 436 1001 508 hereditatem,
1097 476 1100 485 ·

27 525 146 581 simodo
163 541 215 580 sua
232 521 373 580 uoluntate
388 523 492 593 adierit,
509 524 569 579 siue
583 521 728 576 retinuerit
739 529 998 596 quartampartem,
1045 551 1051 564 ·

29 612 86 666 siue
100 608 228 664 noluerit
242 609 368 678 retinere,
387 611 445 681 ipse
457 609 584 662 uniuersa
597 621 677 662 onera
689 605 849 678 insequaris
861 606 999 680 sustinete

30 702 70 750 set
89 702 186 766 quarta
210 691 319 766 quidem
340 701 445 748 retenta
466 692 543 764 quasi
564 691 650 764 partis
671 697 699 745 et
721 707 771 762 pre
788 689 999 762 pertestipulm

31 780 116 833 tiones
131 777 276 850 interponi
291 775 390 833 ‹lebent
406 786 540 849 tamquam
563 776 636 830 inter
657 776 815 846 partiarium
831 773 999 846 legatarium,

22 873 55 918 et
75 862 222 934 heredem3
247 862 269 915 si
292 877 357 916 uero
380 869 463 916 totam
479 849 655 916 hereditatem
671 859 840 932 restituerit,
856 857 888 916 ad
904 874 1000 924 esem-¹

32 947 100 1019 plum
112 953 210 1001 emtoe
223 955 251 1000 et
263 944 392 1000 uenditare
402 944 559 1001 hereditatis
571 942 764 1017 stipulationes
775 942 994 1016 interponendae

33 1039 99 1086 sunt.
142 1027 218 1087 258.
243 1028 291 1085 Sat
310 1031 333 1084 si
354 1039 462 1085 recuset
483 1029 601 1102 scriptus
621 1028 702 1084 heres
728 1027 802 1094 adire
818 1026 999 1091 hereditatem

35 1113 63 1168 oh
78 1115 112 1179 id,
131 1113 210 1187 quod
227 1113 314 1185 dieat,
337 1130 393 1169 eam
410 1112 461 1168 sibi
475 1122 630 1185 suspectam
654 1128 715 1168 esse
738 1114 814 1184 quasi
828 1113 999 1184 damnosam„

36 1208 139 1254 cauetur
160 1198 319 1270 Pepastane
341 1189 451 1253 senatus
473 1197 613 1267 consulto,
637 1204 667 1252 nt
688 1195 858 1255 desiderante
879 1212 931 1267 seq
950 1198 992 1252 cui

36 1285 176 1338 restituere
202 1290 318 1356 rogatus
339 1291 394 1353 est,
421 1283 497 1338 iussu
517 1274 522 1358 l
542 1282 674 1354 praetoris
700 1280 779 1336 adeat
803 1289 830 1336 et
856 1281 1063 1356 restituat,121·

36 1368 200 1439 proindeque
223 1369 248 1422 ei
270 1373 298 1422 et
312 1369 339 1422 in
356 1383 434 1438 eum,
451 1368 497 1439 qui
518 1366 667 1438 receperit,
688 1366 807 1420 actiones
828 1363 942 1437 dentur,
963 1381 1000 1437 eq

14 1451 96 1507 arturis
111 1460 154 1507 est
171 1467 206 1506 ea
223 1459 332 1506 senatus
349 1450 475 1506 consulto
492 1448 676 1506 'lrehelliaum
699 1465 753 1522 quo
770 1465 834 1513 casu
849 1447 998 1522 nullissti·v

38 1535 218 1604 palationibus
234 1551 304 1608 opus
320 1545 377 1606 est,
399 1535 461 1607 quia
476 1534 599 1612 simulet
614 1534 692 1605 huie,
709 1535 755 1606 qui
770 1530 898 1598 restituit,
914 1549 993 1591 seeu-

40 1619 95 1672 ritas
111 1619 204 1689 datur,
221 1629 249 1675 et
264 1621 383 1674 actiones
395 1619 572 1674 hereditariae
588 1619 612 1674 ei
627 1627 654 1674 et
665 1619 692 1673 in
706 1634 765 1673 eum
781 1617 992 1688 transferuntur,

41 1704 78 1772 qui
90 1705 229 1776 receperit
245 1703 432 1760 hereditatem.
478 1699 546 1760 259.
568 1703 637 1758 Nihil
655 1710 743 1757 autem
760 1704 883 1770 interest,
899 1711 991 1768 utrum

42 1785 126 1858 aliquis
138 1805 171 1843 ex
184 1803 246 1844 asse
257 1787 336 1842 heres
351 1781 517 1844 'institutusl
533 1796 579 1842 aut
595 1795 679 1842 totam
694 1785 870 1844 hereditatem
887 1794 933 1842 aut
943 1803 997 1860 pro

43 1880 110 1939 parte
122 1874 271 1930 restituere
282 1881 408 1946 rogetur,
424 1889 457 1927 an
470 1888 502 1926 ex
513 1880 591 1945 parte
603 1871 683 1926 heres
695 1871 837 1927 institutus
850 1878 897 1928 aut
908 1877 995 1944 tomen

44 1965 210 2028 campartem
227 1964 274 2012 aut
289 1957 373 2029 partis
388 1965 493 2030 partem
508 1957 653 2012 restituere
669 1964 792 2028 rogetur.
823 1971 885 2012 uam
901 1963 928 2016 et
942 1955 997 2026 hoe

44 2051 96 2092 casu
112 2040 264 2113 rte-quarta
285 2049 361 2112 parte
383 2043 440 2096 eius
462 2039 548 2113 partis
569 2040 637 2095 ratio
662 2057 694 2096 en
709 2039 862 2114 Pegasiano
884 2049 993 2099 senatus
1020 2077 1023 2082 -

45 2123 159 2180 consulto
176 2125 272 2181 haberi
287 2124 367 2180 solet.
635 2181 641 2192 ,
891 2171 893 2176 .
934 2167 937 2196 z

98 2202 168 2264 aad.
192 2209 289 2265 Potest
305 2219 393 2264 autem
411 2210 526 2282 quisque
549 2211 628 2264 etiem
652 2226 695 2274 res
719 2208 840 2282 singulas
856 2220 904 2282 per
920 2207 998 2265 odet,

46 2293 206 2350 commissum
217 2293 383 2366 relinquere,
391 2293 467 2355 uelut
478 2293 599 2363 landum,
610 2294 760 2362 hominem,
771 2301 889 2362 uestem,
897 2308 997 2365 arqen-¹

48 2379 104 2445 tum,
120 2381 279 2449 pecnniam3
295 2388 322 2432 et
338 2377 382 2434 nel
398 2379 486 2450 ipsum
504 2377 630 2432 heredem
647 2386 807 2449 rogere,‚ut
822 2376 900 2434 elicui
916 2378 995 2448 resti·

48 2463 106 2528 tuat,
128 2462 171 2516 uel
188 2462 359 2534 legatarium,
382 2463 505 2534 quamuis
528 2479 542 2516 a
566 2462 697 2534 legatario
720 2461 804 2534 legari
819 2477 875 2532 non
896 2461 992 2534 possit.

48 2534 101 2598 att.
121 2544 185 2601 ltem
202 2554 296 2621 potest
311 2562 366 2602 uon
382 2547 470 2601 solum
493 2547 606 2619 propria
628 2547 768 2601 testatoris
790 2561 833 2600 res
854 2561 910 2618 per.
920 2543 993 2599 fidei·
1062 2607 1063 2614 ἵ

49 2629 209 2685 commissum
226 2631 354 2703 relinqui,
370 2629 417 2685 sed
433 2631 515 2685 etiam
527 2629 635 2685 heredis
651 2629 833 2702 autlegatarii
846 2638 892 2686 aut
904 2629 993 2686 cuius·

50 2703 103 2763 libet
124 2711 250 2771 alterius:
273 2715 365 2787 itaque
386 2722 413 2770 et
428 2714 575 2788 legatarius
591 2730 645 2768 nen
662 2714 749 2770 solum
765 2713 797 2768 de
813 2729 843 2768 ea
859 2730 888 2773 re
903 2713 995 2786 rogari

50 2798 136 2866 potest,
158 2808 190 2854 ut
212 2815 269 2856 eam
293 2798 372 2854 alicui
388 2801 523 2870 restituat,
540 2815 609 2872 quae
633 2800 655 2853 ei
671 2797 761 2872 legata
784 2798 831 2870 sit,
846 2798 894 2853 sed
913 2799 994 2854 etiam

49 2921 248 2940 χ,-

113 3011 131 3080 1)
145 3019 280 3070 instituatur
300 3021 325 3069 V
327 3017 355 3068 ⁵⁸.

51 3130 127 3144 ’χ

70 3269 73 3284 ξ
112 3203 134 3274 ξ
149 3214 296 3277 257.=§.
312 3215 428 3266 eLet't.
450 3216 487 3278 Cf.
505 3215 536 3264 L.
552 3228 585 3266 21.
600 3227 633 3268 45.
654 3216 686 3264 D.
702 3216 738 3264 od
751 3214 798 3264 SC.
818 3214 890 3263 Treta.
907 3212 951 3279 (aa.
962 3213 994 3282 1).

56 3269 101 3333 etp,
114 3291 145 3340 at,
160 3295 191 3334 15.
213 3285 288 3336 Pant.
303 3299 324 3344 a,
335 3299 354 3336 a.
371 3287 393 3347 ξ.
404 3298 423 3336 a.
443 3301 524 3350 snpra
539 3289 561 3348 §-
572 3298 619 3338 254.
666 3283 692 3354 ς.
703 3289 763 3336 258.
786 3285 823 3348 Cf.
844 3285 898 3348 tltp.
914 3295 948 3344 25,
959 3297 992 3336 1e

55 3338 322 3418 praeeesse-4.
387 3352 826 3423 §.aas.=s.s.1.n.t.o,2c).
871 3352 993 3424 §.ece

55 3429 81 3452 ἓ
94 3431 133 3477 pr,
147 3422 168 3472 Ι.
183 3427 213 3476 de
227 3431 294 3494 einp.
309 3428 362 3476 reb.
374 3443 407 3495 p.v
415 3428 497 3490 sdese.
514 3427 544 3492 (a,
560 3428 605 3493 aa).
628 3429 666 3476 uel
686 3423 836 3493 legatarium]
858 3428 892 3489 cf.
908 3430 930 3488 §-
947 3439 996 3476 att.

56 3479 109 3610 {lgr-7
120 3500 155 3612 ιζ,
174 3505 206 3546 20.
278 3495 304 3566 s.
320 3502 380 3550 eea.
396 3519 430 3539 =
445 3500 467 3560 s.
483 3512 502 3548 1.
526 3498 549 3547 1.
569 3501 624 3548 eoa.
649 3498 703 3562 un.
723 3509 761 3557 n,
781 3507 801 3548 s.
832 3497 907 3546 Paul.
926 3511 952 3558 a,
973 3509 993 3548 1.
