2470 3972
366 235 426 270 oux
442 235 535 270 mm.
554 217 601 270 IV.
622 222 771 272 tta-124.
969 218 1034 300 241

67 361 144 422 122.
168 366 312 422 llilotorise
338 375 404 420 sunt
430 366 619 438 exceptiones,
646 382 716 438 quse
744 365 776 420 nd
799 375 907 438 tempus
932 367 1034 438 uolent,

67 450 162 506 ueluti
175 450 249 506 illius
262 451 334 524 pecti
349 450 485 516 morena,
507 448 580 520 qood
603 448 703 504 iactum
723 457 767 506 est
789 448 865 506 uerbi
886 453 984 524 gistis,
1000 467 1034 508 ne

66 537 143 588 iutro
158 536 373 608 quinquennium
394 542 550 606 peteretur3
573 531 651 588 linito
666 535 738 588 euim
754 549 789 590 eo
812 542 934 606 ternpore
951 531 958 606 Ι
976 552 1032 592 non
1043 543 1106 596 23⁰.

67 617 155 673 hahet
176 618 266 674 locoru
281 619 415 690 exceptio.
455 619 499 672 cui
519 616 615 672 similis
629 619 753 690 exceptio
773 626 815 672 est
838 618 893 674 litis
907 617 1034 676 diuiduse

67 712 99 756 et
123 703 164 758 rei
180 703 319 758 residuae:
342 718 403 756 narn
417 703 441 756 ei
457 703 519 774 quis
534 709 639 774 partem
655 703 695 758 rei
710 702 818 774 petierit
833 709 862 758 et
876 703 946 757 intra
961 705 1033 760 eius·

64 785 132 841 dem
147 796 302 859 praeturam
317 786 449 858 reliquero
470 793 575 859 purtem
596 793 686 857 petet,
707 786 758 840 lenc
778 787 940 859 exceptione
959 803 1033 842 sunn-

65 879 216 939 mouetur,
237 887 307 944 quae
321 870 475 943 appellatur
489 869 544 924 litis
558 868 700 928 didono:
722 872 787 926 item
801 872 825 925 si
847 871 888 939 is,
909 873 955 943 qni
970 889 1031 928 cum

63 953 165 1008 eodem
179 954 273 1027 plures
292 953 356 1008 lites
370 952 500 1022 hubelini,
522 952 557 1008 de
571 951 731 1026 quibusdam
746 956 850 1026 egerit,
869 954 903 1008 de
917 954 1031 1028 quibus·

63 1037 129 1093 dam
145 1037 295 1108 distulerit,
309 1046 341 1094 ut
354 1038 388 1092 nd
402 1038 472 1093 alios
485 1037 589 1092 iudices
604 1033 758 1110 ’aguntur,¹
783 1039 893 1093 siintrs
907 1039 1030 1096 eiusdem

61 1131 223 1194 praeturam
243 1122 282 1176 de
297 1122 349 1192 inin,
371 1138 440 1195 quus
462 1121 610 1195 distulerit,
633 1131 710 1194 agat,
732 1139 783 1195 per
803 1123 873 1178 hanc
893 1126 1031 1196 exceptio·

4 1213 54 1268 5³04]
65 1215 143 1277 uem,
159 1222 228 1278 quse
242 1205 394 1279 appellatur
408 1208 447 1260 rei
462 1204 597 1274 residuae,
611 1214 810 1262 commonetur.
848 1201 915 1262 12³.
931 1206 1030 1263 Obser-

63 1289 186 1346 usnduun
197 1300 241 1345 est
254 1300 345 1346 sotem
360 1292 396 1359 ei,
411 1292 455 1345 cui
466 1289 589 1344 dilatoris
601 1287 719 1344 obicitur
731 1291 867 1362 exceptio,
883 1299 913 1344 ut
924 1290 1028 1348 diderat

62 1376 217 1438 actionem
239 1373 359 1448 alioquin
381 1376 404 1428 si
426 1373 530 1428 obiecta
545 1373 706 1445 exceptione
727 1375 825 1446 egerit,
849 1391 906 1430 nur
921 1375 1026 1448 perdit3

62 1475 117 1514 uec
139 1460 211 1514 eninr
225 1468 290 1532 poet
311 1458 378 1513 illud
401 1467 523 1530 tempus,
547 1473 603 1529 quo
625 1459 731 1526 integra
746 1474 776 1512 re
792 1452 910 1532 ¹(mm)²
924 1461 1028 1514 euitare

5 1561 9 1568 ·
61 1551 186 1614 poterat,
200 1542 290 1598 sdhuc
303 1543 328 1598 ei
342 1551 466 1615 potesta
481 1543 582 1615 egendi
596 1549 722 1612 superest
742 1557 773 1598 re
787 1544 814 1596 in
830 1541 957 1598 iodicium
972 1544 1028 1599 'de-

61 1625 147 1682 ducta
163 1635 191 1681 et
206 1643 256 1700 per
269 1627 456 1698 exceptionem
471 1617 636 1708 perempta?
676 1620 741 1684 tat.
756 1625 815 1682 lion
830 1625 920 1682 soluru
935 1637 1026 1684 autern

60 1803 161 1858 pactum
184 1795 225 1844 ed.
246 1794 296 1860 Bp.
328 1793 383 1844 Sed
404 1802 500 1858 pactum
519 1802 558 1842 est
578 1809 631 1857 pro
651 1794 764 1842 conuenit
785 1796 858 1858 opud
876 1794 954 1846 lilios
973 1811 1025 1847 non

59 1868 124 1931 tepi.
182 1862 203 1930 ¹)
222 1873 292 1927 egunt
307 1865 334 1914 0.
349 1873 404 1914 eant
418 1866 450 1914 de
463 1865 564 1915 Btudn.
579 1867 613 1927 φ’.
627 1864 668 1913 ed.
682 1863 732 1928 Bp.
779 1861 801 1930 ¹)
819 1866 929 1916 Addidi
948 1867 1026 1917 Sisti-

59 1938 126 1986 titer
137 1936 178 1985 ed.
192 1935 240 2001 Bp.
255 1947 276 1988 5.
324 1933 476 2002 ¹)dednctse
490 1944 516 1984 et
524 1943 618 1999 posteo
631 1942 770 1998 peremptae
781 1935 808 1984 0.
834 1935 1025 1997 Quarunlitte-

59 2023 155 2056 rarurn
168 2005 246 2072 (...e
261 2005 334 2073 ...e)
352 2009 429 2057 toties
445 2023 463 2056 a
482 2005 593 2056 librario
608 2007 839 2070 [cooperiam
852 2011 1027 2059 consenandi

59 2077 291 2143 studion.ed.t.
309 2078 399 2141 abripi
410 2093 543 2141 seposm
554 2084 601 2134 est,
616 2085 644 2125 ret
656 2079 1024 2144 upplenentupostsnper:

59 2157 98 2197 est
113 2149 273 2199 intrudendo
285 2149 381 2199 hoece:
401 2145 473 2198 ‘noa
486 2150 512 2198 si
524 2155 600 2213 apat,
613 2148 665 2198 luc
677 2151 831 2212 exceptione
842 2163 1024 2209 maer,

59 2235 130 2284 quae
147 2222 296 2284 appellatur
313 2217 366 2270 rei’
386 2235 477 2269 nonen
499 2221 664 2282 exceptionis
681 2219 818 2268 induceret
837 2221 981 2270 inauditum
998 2230 1025 2272 et

54 2305 173 2353 praem
186 2290 314 2349 mirabile,
327 2293 422 2355 quippe
435 2306 453 2338 a
461 2305 490 2339 se
498 2292 557 2353 ipro
566 2293 720 2352 appellatae.
742 2289 798 2338 Sed
803 2289 843 2354 (ut
851 2293 906 2340 alia
915 2292 1023 2358 crinon)

59 2377 92 2409 ne
102 2376 191 2409 omen
202 2361 303 2425 quidese
312 2369 359 2418 est,
369 2376 421 2424 per
430 2362 607 2424 exceptione·
615 2363 658 2408 rei
667 2362 694 2408 in
708 2360 762 2408 iud.
772 2361 900 2420 deductae
908 2371 1022 2412 actorem

54 2433 219 2494 potissim
232 2431 390 2486 admoneri,-
402 2433 509 2494 saepius
521 2430 719 2480 ambitur
731 2433 885 2493 exceptione
898 2433 941 2481 rei
953 2435 1022 2482 iudi-

58 2510 146 2551 catae.
175 2503 291 2552 tiam
300 2502 387 2552 nerdis
399 2517 444 2565 per
456 2502 621 2564 exceptionem
637 2501 720 2550 Gaius
737 2509 828 2564 aperte
842 2505 968 2567 inteltepit
981 2505 1022 2553 di·

59 2574 185 2622 latoriose
193 2575 379 2636 exceptionem,
392 2588 459 2636 quae
468 2574 587 2636 opposita
596 2573 692 2634 effecit,
701 2579 730 2620 et
738 2587 801 2620 reus
809 2572 910 2622 absolsi
917 2575 1022 2624 dederet

58 2659 142 2708 eoque
155 2645 230 2694 nodo
242 2659 287 2693 res
296 2645 481 2707 perimerem
495 2659 546 2693 non
560 2644 737 2706 exceptionem
750 2645 793 2692 rei
805 2645 833 2692 in
843 2644 967 2694 iudiciuin
977 2647 1020 2695 de·

57 2712 163 2763 ductae.

136 2859 163 2932 5.
178 2867 237 2914 122.
254 2865 293 2922 Cr.
307 2864 340 2912 Ι..
354 2875 375 2914 c
390 2863 423 2912 D.
437 2864 471 2913 de
483 2879 542 2913 ecc.
556 2861 603 2928 (ru,
616 2862 649 2928 e).
663 2863 688 2924 5.
703 2875 737 2914 ιο.
752 2863 774 2912 1.
788 2863 845 2914 eod.
860 2863 893 2928 (c,
911 2865 956 2930 rs).
971 2867 1020 2916 titis

58 2931 185 3002 diuiduse]
200 2938 234 2998 cs.
245 2938 268 2996 5.
278 2947 312 2986 zo.
327 2935 401 2998 infra
415 2936 439 2996 5.
450 2947 497 2986 131.
512 2934 544 2982 L.
555 2945 591 2985 ³8.
604 2934 637 2982 D.
651 2935 685 2982 de
694 2942 832 2997 procurat.
846 2933 879 3000 (³,
891 2934 924 3000 3).
948 2937 1020 2988 lunc

58 3008 172 3054 maxime
186 3009 289 3054 multum
303 3008 439 3064 intererat,
452 3005 523 3069 quod
535 3008 651 3068 placuit,
667 3006 694 3053 si
705 3008 764 3070 quis
782 3023 834 3054 una
851 3009 1026 3070 stipulatione.

58 3079 205 3140 complures
217 3091 261 3126 res
272 3077 413 3140 stspulatus
420 3085 488 3132 erat,
502 3083 539 3126 tot
546 3077 728 3140 stipulationes
741 3092 796 3126 esse
806 3085 926 3140 quaeres.
942 3077 974 3126 L.
983 3090 1018 3128 su.

59 3147 91 3194 t).
106 3148 139 3195 de
157 3150 232 3196 erice.
246 3146 297 3212 (τι,
311 3147 343 3212 e).
362 3147 394 3197 L.
409 3159 437 3199 ro
445 3164 491 3211 pr.
509 3147 542 3196 h.
556 3159 591 3198 en
610 3149 635 3208 5.
648 3159 671 3197 a
690 3147 722 3195 Ι..
736 3159 772 3198 ec
792 3147 823 3194 1).
839 3147 1017 3200 decertati

58 3215 105 3281 (45,
119 3216 151 3282 1).
174 3219 210 3267 rei
224 3215 348 3286 midune]
367 3219 403 3280 es.
417 3219 450 3268 L.
465 3231 498 3270 lo.
519 3219 545 3268 C.
564 3219 597 3267 de
611 3218 690 3266 tedio.
705 3217 738 3282 (t,
753 3216 784 3282 1).
856 3213 957 3284 §.123
979 3217 1018 3280 Cf.

51 3289 95 3342 ,aa
107 3288 224 3337 Herenn.
238 3302 260 3346 1,
274 3301 308 3339 ιε.
322 3291 347 3351 5.
361 3300 396 3339 22.
417 3289 469 3339 Cic.
484 3290 517 3338 de
531 3292 582 3338 inv.
597 3301 619 3347 e,
633 3301 666 3339 no.
686 3289 728 3350 55.
742 3299 777 3338 er.
791 3298 825 3338 ⁵⁸.
847 3289 870 3350 5.
887 3300 921 3338 ro.
936 3287 957 3336 I.
974 3291 1018 3338 cir.

59 3374 116 3406 cum
133 3358 243 3423 llseopl.
302 3355 328 3427 5.
344 3363 404 3410 124.
420 3360 493 3422 0115.
504 3363 551 3410 ult.
564 3360 586 3408 I.
601 3360 634 3408 de
647 3375 705 3408 eae.
721 3358 753 3423 (t,
767 3357 811 3422 ιι).
826 3358 858 3406 Ι..
873 3371 895 3409 2.
909 3361 933 3420 5.
947 3371 970 3409 4.
983 3359 1016 3408 L.

58 3431 129 3492 ofin
143 3429 177 3478 Il.
191 3431 247 3480 eod.
261 3430 308 3495 (ru,
322 3431 353 3495 1).
371 3430 414 3479 Fr.
434 3431 493 3479 Vct.
507 3443 548 3482 ses
560 3447 613 3494 seq.
636 3429 711 3478 Paul.
727 3442 748 3486 ι,
762 3440 783 3478 2.
798 3431 838 3490 55.
855 3442 924 3480 ι-ι
939 3430 971 3478 L.
982 3442 1016 3480 ιο.

58 3501 113 3559 §.n
128 3501 161 3548 υ.
171 3501 204 3550 de
210 3501 286 3564 prob.
296 3501 343 3566 (us,
355 3501 388 3565 e).
402 3501 564 3552 adlterenu
578 3513 600 3560 2,
614 3511 648 3551 ιε.
662 3502 687 3561 5.
701 3512 736 3551 no.
754 3498 862 3560 Quina
876 3500 898 3550 1.
915 3498 945 3551 0.
958 3513 980 3556 s,
993 3513 1016 3552 c

59 3572 82 3630 5.
98 3583 132 3620 to.
146 3583 169 3628 c,
182 3584 204 3622 s.
218 3573 242 3634 5.
256 3585 279 3623 r.
293 3585 314 3630 r,
330 3585 351 3622 1.
364 3575 388 3634 5.
403 3584 429 3622 ta
441 3587 494 3636 seq.

111 3665 196 3706 Genu.
769 3663 803 3710 16
