2496 3984
211 180 254 243 14
649 197 737 232 euve.

209 319 274 375 Gaii
290 319 371 373 libris
389 319 425 372 ud
443 317 567 373 edictum
584 318 713 372 urbicum
731 319 836 373 alteros
854 318 890 371 sd
910 318 1034 372 edictum
1057 322 1181 389 provin-

209 388 281 442 ciale
299 385 465 444 substitutos
483 401 550 448 esse,
569 385 731 440 solennibus
748 388 845 440 tamen
861 385 991 455 partibus
1009 388 1040 440 et
1051 389 1181 442 nomini-

208 455 262 508 bus
280 455 407 519 retentis,
424 454 454 507 id
473 470 536 507 cum
553 470 584 507 re
601 453 663 522 ipsa
679 453 831 508 verisimile
850 453 918 518 est,¹
935 455 998 506 turn
1016 469 1052 508 eo
1071 455 1180 510 contir-

208 523 309 589 matur,
329 523 406 590 quod
422 521 573 578 iustiniani
591 522 651 574 tem
672 537 719 575 ore
731 521 798 574 libri
810 520 846 575 sd
859 519 983 574 edictum
994 522 1180 590 provinciale

207 590 314 660 integri
326 589 469 654 extabant,
489 603 524 642 ex
535 587 615 642 libris
682 589 725 644 ed'.
737 588 867 642 urbicum
884 589 999 642 veroin
1016 590 1179 658 provinciis

208 657 317 712 scilicet
333 656 471 728 neglectis
487 657 599 709 tantum
618 655 717 709 decem
734 657 909 734 supererant

275 724 369 778 Etiam
390 725 477 778 libros
499 739 534 776 ex
557 722 588 788 Q.
609 722 703 776 Mucio
726 721 828 777 Garum
854 725 884 776 in
906 721 1067 777 scholarum
1089 735 1217 782 usumzsr,

208 792 261 846 sori
282 792 361 857 sisse,
386 792 462 846 certe
484 790 632 859 probabile
655 791 705 844 est.
745 789 818 843 Nem
841 807 905 844 oum
927 790 963 843 ad
987 805 1034 843 eos
1057 807 1178 860 quoque

207 859 237 912 ιιι
305 859 391 913 edicti
412 858 677 926 interpretationem
698 857 833 911 lectorem
856 857 983 928 ablegat,
1007 858 1091 925 quasi
1110 875 1178 928 pro-

65 965 71 978 .
207 926 336 980 mulsidis
362 927 426 980 loco
448 924 556 993 aliquid
578 924 684 978 eddone
707 924 801 978 verbis
824 925 893 979 ‘hoc
916 923 1007 978 solum
1029 926 1123 978 tantis
1145 943 1178 979 er

172 1043 174 1048 .
208 993 313 1047 suflicit
338 993 526 1047 admonuisse’
555 995 594 1057 (1,
618 998 674 1046 188.
698 991 731 1045 cf.
751 998 780 1056 2,
803 995 870 1059 eu),
896 1009 989 1046 nonne
1017 991 1110 1061 discip
1144 1009 1177 1046 os

208 1059 322 1114 videtur
339 1061 487 1130 respicere,
506 1075 541 1112 ex
558 1059 614 1112 illis
630 1058 710 1112 libris
748 1059 828 1114 osten
838 1060 953 1114 uberius
970 1059 1175 1112 instruendos?

208 1127 351 1207 Suspicari
369 1128 457 1206 igitur
473 1127 550 1190 licet,
567 1126 597 1178 in
615 1125 716 1179 scholis
754 1143 784 1180 os
801 1126 888 1180 libros
900 1129 985 1180 antea
996 1142 1063 1180 eum
1074 1127 1175 1180 locum

208 1195 373 1260 obtinuisse,
390 1212 421 1248 ιιι
438 1209 524 1262 quern
562 1195 641 1248 osten
657 1193 806 1261 Papiniani
823 1211 958 1263 responsa
973 1193 1116 1248 venerint.

277 1263 406 1340 Denique
423 1261 531 1330 primus
570 1261 638 1326 aius,
657 1262 691 1314 ut
706 1260 764 1314 ism
782 1261 849 1327 dixi,
869 1262 1010 1315 elementa
1027 1261 1175 1329 quaedum

206 1330 275 1384 iuris
292 1330 384 1384 civilis
402 1329 561 1397 composuit
577 1329 607 1381 et
623 1329 659 1382 ab
676 1327 744 1396 ipsis
761 1328 940 1382 instituendis
958 1327 1089 1382 studiosis
1110 1344 1173 1382 ora-

206 1399 301 1451 torum
319 1395 481 1464 exemplum
493 1396 621 1473 secutus*
633 1394 790 1464 appellarit
801 1395 1005 1473 institutiones,
1023 1395 1072 1449 vel
1083 1413 1173 1473 quem

206 1465 351 1533 integrum
368 1464 388 1518 i.
403 1479 426 1516 e.
446 1479 463 1515 a
479 1462 601 1515 librarns
618 1461 745 1515 nondum
756 1463 919 1516 mutuatum
932 1461 1071 1516 eiusmodi
1082 1462 1172 1517 libro-

207 1547 270 1584 rum
287 1531 372 1584 fuisse
389 1529 506 1582 titulum
517 1529 615 1582 malim
630 1529 748 1596 opinari,
768 1531 972 1584 ‘institutiones
983 1529 1052 1582 iuris
1065 1530 1170 1583 civilis’

207 1599 322 1652 auctore
344 1596 472 1650 lactant.
492 1602 519 1661 1,
540 1601 605 1660 ¹·5·
626 1602 665 1649 12.
702 1596 754 1650 ‘Et
776 1597 799 1650 si
821 1598 936 1664 quidam
959 1595 1118 1666 prudentes
1140 1601 1172 1651 et

207 1665 307 1719 arbitri
329 1662 480 1732 aequitatis
500 1662 692 1717 institutiones
714 1663 805 1718 civilis
826 1665 894 1718 iuris
917 1664 1086 1734 compositas
1110 1665 1171 1724 edi-

207 1733 322 1798 derunt,
350 1731 452 1800 quibus
474 1729 579 1784 civium
605 1730 800 1784 dissidentium
826 1730 891 1786 lites
917 1731 1170 1800 contentionesque

207 1816 237 1854 eo
257 1801 340 1866 irent,
360 1801 465 1867 quanio
487 1797 588 1852 melius
605 1815 655 1852 nos
677 1799 707 1852 et
723 1799 827 1854 rectius
849 1799 959 1852 divinas
976 1797 1171 1853 institutiones

205 1867 228 1920 li
284 1868 322 1920 ris
340 1883 421 1935 perse
442 1870 572 1919 nemur’i
601 1865 702 1934 Neque
725 1865 881 1920 audiendus
904 1868 947 1920 est
968 1865 1169 1932 Mommsenus,

247 1935 254 1946 ‘
278 1933 417 1988 Lactantii
450 1949 500 1986 oco
522 1933 651 2012 ignprato
669 1934 700 1987 et
721 1950 734 1986 s
755 1933 822 1986 retis
844 1933 1021 2000 Collationis,
1044 1931 1168 2000 Boethii,

206 1951 417 2078 iissigotuorum
435 2001 464 2052 et
481 1999 629 2079 Iustiniani
646 1998 676 2078 in
692 1951 798 2054 lisinis
815 2001 1067 2079 'constitutionibus
1091 2001 1122 2054 et
1138 2001 1169 2053 in

205 2069 274 2146 nn
297 2067 1107 2202 ⁹¹⁸‹ttitlbttf'tlttlbillustranti
1119 2085 1169 2188 tl

205 2135 321 2325 {milgdn
322 2201 367 2269 P.)
386 2200 553 2254 auctoritate
572 2201 653 2280 (eddi
667 2203 764 2255 tamen
781 2203 895 2270 poterat
911 2201 1010 2256 Boeth.
1025 2175 1168 2259 cominin

229 2285 263 2324 ιο.
277 2270 346 2338 Top.
366 2267 402 2322 Il.
421 2285 448 2337 p.
462 2274 520 2322 299.
532 2275 591 2322 303.
603 2269 696 2336 Bait),
716 2285 780 2322 cum
798 2269 905 2322 dudum
917 2269 967 2324 Er.
981 2269 1049 2324 Otto
1065 2285 1167 2328 comm.

206 2337 243 2392 ad
260 2337 328 2390 Inst.
367 2377 373 2388 .
393 2342 417 2390 3.
441 2335 545 2402 aliique
568 2335 622 2388 riri
645 2335 721 2389 docti
744 2336 929 2402 ostenderint,
953 2338 1103 2406 scriptores
1126 2338 1168 2389 in-
1231 2361 1232 2384 ι

206 2404 290 2458 limae
308 2402 348 2456 La
364 2401 468 2456 'nitatis
486 2404 562 2456 etin
580 2403 623 2456 his
642 2403 728 2457 etiam
746 2403 897 2473 scriptores
914 2404 1051 2472 quosdam
1074 2420 1168 2458 exem-

205 2471 328 2540 plarium
351 2469 498 2524 Iustiniani
520 2470 733 2524 Institutionum
759 2472 819 2525 eius
840 2471 870 2524 iu
891 2471 975 2525 titulo
998 2471 1092 2538 operis
1112 2472 1168 2551 boc

208 2540 293 2593 verbo
311 2553 376 2592 usos
394 2553 456 2592 esse
473 2553 508 2591 ex
525 2537 643 2592 licentia
660 2537 845 2604 Graecorum,
863 2540 957 2592 totum
975 2555 1045 2607 opus
1062 2533 1099 2593 τὰ
1120 2545 1168 2592 lv-

206 2610 341 2662 στίτοιιτα
359 2607 403 2674 (ut
419 2605 492 2659 llor.
509 2605 568 2658 ind.
587 2606 673 2660 etiam
690 2606 779 2660 habet
797 2605 962 2659 ‘Definiton’
981 2622 1032 2674 pro
1052 2605 1168 2659 ‘Defini-

205 2675 353 2740 tionum’),
376 2673 500 2742 singulos
523 2674 582 2726 eius
604 2673 691 2727 libros
713 2674 766 2741 τὴν
787 2669 916 2741 πρώτην,
940 2670 1082 2740 δευτέραν
1105 2677 1166 2730 uri.

203 2733 431 2794 lacessentium
450 2756 486 2807 ap
509 2739 664 2798 ellantium.
701 2739 861 2793 Secundum
879 2756 914 2794 ea
931 2756 1011 2806 vcro,
1035 2757 1107 2808 quae
1131 2741 1166 2794 de

207 2805 294 2861 edicti
310 2805 392 2860 libris
404 2806 446 2858 sin
498 2806 592 2858 ssibus
604 2805 756 2875 disputavi,
769 2823 821 2861 nec
834 2806 941 2873 dubito,
955 2807 1057 2861 Gaium
1073 2808 1166 2876 ipsum

280 2963 301 3032 ¹)
315 2965 463 3014 Provinciaie
482 2965 545 3014 enim
565 2965 669 3014 edictum
688 2972 711 3014 et
729 2967 808 3028 ipsum
822 2967 959 3016 continebat
977 2967 1081 3016 edictum
1100 2968 1166 3016 urbi-

206 3051 274 3098 cum,
293 3036 357 3100 qnod
371 3044 397 3084 ut
410 3035 515 3085 lulianus
529 3041 627 3098 praetor
640 3044 808 3099 composuerat
827 3045 851 3086 et
864 3045 1024 3100 proposuerat
1041 3044 1097 3100 post
1109 3053 1165 3100 per·

205 3114 276 3171 petuo
296 3107 407 3156 similiter
424 3106 618 3170 proponendum,
639 3107 672 3156 ita
692 3107 825 3157 Hadrianus
844 3109 972 3170 proconsul
991 3109 1016 3157 in
1034 3109 1164 3171 provinciis

205 3180 255 3227 suis
274 3178 430 3242 proposuisse
450 3185 474 3226 et
492 3175 552 3226 scio
567 3176 630 3225 iacto
650 3175 728 3242 (cuius
742 3179 886 3228 lastinianus
901 3186 977 3228 const.
1007 3179 1081 3228 Tanta
1100 3180 1164 3228 circa

205 3251 228 3310 ὅ.
244 3260 277 3299 ts.
292 3249 409 3312 meminit)
423 3264 437 3297 a
452 3247 554 3298 caeteris
569 3249 753 3308 proconsulibus
771 3249 951 3312 proponendum
970 3265 1067 3299 curasse
1082 3245 1164 3298 eristi·

206 3320 305 3370 ruaudus
324 3326 368 3368 est.
398 3320 464 3368 Unde
482 3317 583 3366 Pacuuio
603 3324 664 3367 teste
679 3319 719 3385 (ad
733 3320 831 3383 Eutrop.
851 3332 871 3370 e.
890 3319 913 3384 ο)
933 3320 1036 3369 edictum
1055 3320 1118 3383 quod
1139 3321 1163 3368 in

204 3391 272 3438 ltalia
285 3390 368 3438 Latine
383 3390 507 3439 dicebatur
520 3395 674 3451 perpetuum,
693 3391 765 3439 etiarn
784 3405 828 3439 suo
842 3397 950 3453 ternpore
964 3383 996 3442 τὸ
1009 3382 1163 3454 Ἀδριάνιον

205 3461 333 3510 vocitatum
353 3467 396 3509 est.
472 3456 493 3525 ²)
508 3458 567 3507 Nam
586 3465 610 3506 et
629 3459 785 3516 Quintilianus
803 3462 978 3511 iustitutionem
996 3461 1125 3510 oratoriam
1139 3469 1163 3510 et

206 3529 289 3578 Celsus
304 3538 385 3580 orator
404 3536 465 3579 teste
480 3529 560 3578 Schol.
576 3528 606 3577 ad
620 3529 722 3581 luvenal.
738 3544 758 3595 o,
773 3543 820 3583 rso.
845 3531 1007 3582 institutiones
1022 3531 1160 3595 scripserat.
