2496 3984
178 185 222 249 22
620 205 709 241 anve.

179 325 1163 464 atttqtattttmattttahatraattath

180 436 358 530 peritissimis
376 463 567 516 urinatoribns
580 436 676 516 omliia
692 463 813 531 contigit
823 477 944 515 servare.
973 461 1035 516 Nec
1048 467 1162 518 umen

179 530 300 584 multum
317 530 393 583 ultra
405 530 544 584 decimam
555 533 667 598 partem
680 531 773 596 operis
784 530 904 594 interiit,
916 531 945 582 et
957 544 1024 582 enm
1034 530 1163 609 aliquid

184 613 219 651 ex
237 597 402 662 Collatione,
422 614 456 650 ex
469 597 630 651 Alariciana
641 597 781 666 Epitoma,
801 597 923 674 denique
940 613 975 650 ex
993 597 1163 652 Instimani

181 665 409 720 Institutionibus
436 667 466 718 et
487 664 612 734 Digestis
637 665 732 734 potuit
757 665 899 728 resarciri,
924 666 987 717 tum
1013 667 1161 732 repetitis

181 734 306 786 virorum
325 733 472 786 doctorum
490 732 563 786 curis
582 731 712 786 effectum
732 733 784 797 cst,
803 732 910 785 utiam
927 732 957 784 in
975 734 1075 786 nostra
1090 735 1160 787 edi·

177 801 255 854 tione
272 817 329 854 non
347 801 469 853 rnnltnm
487 799 561 853 ultre
582 799 766 853 tredecimam
808 801 900 853 artem
921 799 1026 868 integri
1050 803 1159 868 operis
1243 858 1244 861 ,

178 867 362 988 desidtrlrlretur,
375 867 454 920 cuius
466 867 592 921 iacturae
604 883 694 936 paene
708 817 855 920 dimirllum
868 868 979 936 spectat
991 867 1028 920 ad
1038 868 1158 922 librum

178 949 248 1000 quar
281 953 318 989 m.

245 1019 410 1073 Editionum
418 1019 541 1072 indicem
551 1020 799 1085 accuratissimum,
810 1019 914 1073 additis
924 1021 1012 1073 etiam
1022 1020 1156 1076 aliarum
1170 1034 1212 1081 19⁹1

179 1087 449 1141 commentationum
460 1087 561 1152 titulis,
579 1104 651 1155 quae
670 1087 707 1140 ad
725 1086 916 1141 emendandas
934 1087 981 1140 vel
998 1088 1155 1144 illustran-

178 1153 229 1208 das
242 1153 306 1209 Gaii
318 1154 513 1208 Institutiones
532 1155 647 1217 faciunt,
665 1154 856 1232 Bocchingins
874 1155 996 1209 confecit
1012 1156 1044 1208 in
1085 1174 1154 1212 rae·

92 1255 98 1259 -
177 1222 285 1276 satione
308 1239 376 1276 snae
401 1221 549 1287 editionis,
593 1239 630 1276 ua
651 1217 695 1276 ter
716 1223 840 1290 repetrta
858 1223 1049 1290 (postremum
1092 1225 1154 1294 ips.

176 1294 264 1356 1855.)
287 1290 348 1360 ipse
372 1290 406 1343 de
426 1287 497 1343 Gaio
521 1291 551 1343 et
569 1240 684 1344 gaianis
702 1289 803 1344 studiis
827 1290 934 1368 optime
952 1291 1073 1346 meritus
1095 1304 1153 1346 est.

179 1356 256 1421 Quae
274 1359 340 1427 post
356 1358 430 1410 hanc
449 1358 510 1410 sola
526 1357 640 1426 prodiit,
653 1359 760 1410 inserta
779 1357 1004 1411 ‘Instltntronnm
1017 1361 1048 1412 et
1060 1375 1152 1430 regu-

177 1424 267 1478 larum
289 1425 357 1479 iuris
379 1414 460 1480 Ronl.
484 1425 680 1494 syntagmati’,
708 1441 725 1478 a
746 1425 819 1480 Rud.
842 1423 943 1478 Gneist
968 1424 1043 1494 Lips.
1070 1434 1151 1482 1858.

180 1491 266 1556 edito,
284 1509 335 1561 pro
353 1492 442 1545 totius
460 1493 543 1559 synta
593 1494 645 1544 atis
663 1492 773 1545 ratione
787 1493 931 1560 ceteroqui
943 1508 1017 1546 noro
1031 1509 1065 1546 ac
1079 1511 1150 1548 con-

180 1557 254 1612 sulto
269 1559 387 1614 consilio
399 1558 531 1624 instituti,
557 1559 784 1636 sotionesmagis
794 1560 908 1679 (partim
921 1559 1008 1628 bene)
1022 1562 1150 1618 selectas

199 1642 265 1679 uam
278 1643 365 1681 novas
376 1629 509 1696 praestat.
540 1626 582 1678 Ex
595 1640 770 1694 superiorum
784 1643 798 1681 e
820 1627 940 1680 itionum
952 1645 1072 1682 numero
1085 1631 1150 1684 tres

180 1643 408 1758 gocschenanae,
428 1710 500 1762 quae
520 1694 620 1746 ceteris
638 1693 779 1761 omnibus,
800 1694 903 1748 codicis
921 1696 1062 1764 scriptura
1080 1697 1149 1750 dili-

179 1763 280 1841 genter
298 1767 422 1827 enotata,
440 1761 521 1830 quasi
538 1761 724 1840 fundamenta
741 1762 841 1827 iecere,
860 1778 941 1830 segre
957 1761 1053 1842 and-ae
1066 1767 1147 1842 sunt,

178 1828 1147 1975 tattttttlatht‚ttllttaptltltttalttltttl:

176 1964 283 2034 prodiit
300 1981 325 2017 a,
347 1965 599 2032 1824.,et,tert1a,
622 1965 687 2031 post
705 1961 861 2018 Goescheni
884 1965 993 2018 obitum
1016 1981 1033 2018 a
1050 1964 1145 2020 Lach-

176 2047 281 2084 manno
299 2047 323 2086 a.
345 2037 418 2085 1842.
437 2033 639 2084 consummata.

246 2116 290 2169 Ad
302 2118 461 2184 postremae
473 2131 600 2170 normam
613 2119 709 2170 nostra
721 2131 833 2184 quoque
847 2115 934 2170 editio
946 2117 1077 2171 instituta
1087 2131 1141 2186 est,

176 2187 217 2238 ita
234 2187 330 2238 tamen
348 2185 381 2236 nt
398 2183 485 2236 etiam
497 2181 621 2236 Boeckin
643 2183 723 2237 ianae
736 2181 913 2250 novissimae,
926 2200 998 2252 qnae
1011 2185 1143 2242 omnium

176 2251 297 2309 maxime
317 2249 484 2316 celebratur,
503 2250 575 2304 ratio
594 2251 631 2304 ha
652 2253 755 2305 cretur.
792 2250 852 2304 Neo
869 2253 965 2304 tamen
983 2253 1092 2320 omnia,
1112 2255 1143 2309 in

200 2320 282 2374 uibus
294 2319 330 2372 ab
342 2318 385 2371 his
399 2317 569 2371 editionibus
581 2317 803 2384 deflecteremus,
816 2317 846 2370 in
858 2318 931 2372 notis
944 2319 1143 2377 indicavimus.

177 2337 297 2441 &hartae
315 2385 488 2454 parcendum
507 2387 576 2440 erat,
613 2387 711 2454 Itaque
734 2385 868 2447 levicula.
894 2401 949 2451 quo
972 2387 1001 2440 in
1020 2405 1142 2445 numero

176 2457 298 2507 maxime
317 2453 354 2506 ad
372 2453 601 2522 orthographiam
619 2453 792 2522 pertinentia
809 2455 886 2511 snut,
911 2455 998 2509 tacite
1017 2460 1143 2510 correxi-

175 2539 251 2581 mus,
271 2521 318 2575 vel
335 2521 411 2590 quod
428 2521 458 2574 in
476 2537 506 2576 re
526 2522 674 2590 tantopere
693 2523 728 2574 ab
748 2520 864 2574 arbitrio
882 2521 1024 2588 pendente
1044 2522 1141 2580 dicere

175 2591 311 2658 praestat,
335 2587 514 2642 mutavimus.
550 2589 701 2642 Praeterea
723 2589 752 2641 in
775 2589 909 2642 contextu
931 2589 1033 2643 litteris
1055 2594 1142 2646 rectis

176 2657 373 2725 expressimus,
393 2671 466 2724 quae
483 2657 512 2709 in
532 2656 627 2710 codice
645 2657 791 2725 leguntur,
809 2655 965 2720 inclinatis,
984 2673 1056 2726 quac
1076 2675 1142 2729 sup·

175 2724 256 2844 plata
276 2724 323 2800 vel
335 2725 446 2800 mutata
457 2724 530 2776 sunt.
562 2723 696 2777 Stellulae
709 2723 830 2778 totidem
848 2723 1008 2800 significant
1019 2723 1141 2792 litteras,

191 2791 280 2856 'neca
300 2808 323 2843 sr
340 2791 484 2844 breviores
496 2791 569 2854 sunt,
588 2791 709 2859 syllabas
721 2791 808 2843 trium
819 2790 879 2843 fere
891 2790 1060 2856 htterarum,
1078 2793 1142 2846 lon-

177 2858 270 2927 giores
292 2857 461 2935 interposito
485 2875 510 2911 v.
535 2859 609 2910 totos
632 2874 741 2938 versus,
770 2857 818 2936 qni
840 2873 893 2911 nec
916 2857 1049 2936 loginco
1075 2862 1141 2916 tuto

176 2923 712 3114 {tellittttlillnlalnattlttit,
729 2926 1141 3062 tlhlssltrlttssnthlllli?

196 3061 270 3114 itum
280 3061 311 3115 ‘t
322 3066 355 3112 s.’
366 3061 477 3127 spectat
490 3059 525 3113 ad
534 3063 580 3114 ter
588 3061 706 3129 scriptas
715 3060 904 3125 (Goeschenoz
918 3060 961 3114 bis
970 3053 1139 3125 rescri'tas).

117 3183 120 3188 ,
176 3127 270 3182 Etiam
287 3143 382 3181 versus
400 3127 503 3182 codicis
522 3129 706 3198 distinguere,
730 3127 784 3181 nisi
806 3127 856 3180 ubi
873 3127 1018 3196 intererat,
1036 3079 1074 3182 idp-
1085 3135 1139 3196 est,

177 3196 226 3249 ubi
247 3209 323 3248 nova
345 3194 485 3262 quaedam
508 3197 545 3250 ad
567 3195 734 3250 schedarum
756 3194 857 3248 ductus
881 3195 1082 3264 supplevimus,
1107 3204 1140 3253 ut

177 3263 299 3316 otiosum
315 3278 372 3316 non
389 3261 506 3331 placuit.
535 3264 568 3317 In
580 3263 678 3316 critica
690 3262 873 3316 adnotatione
886 3261 961 3331 ipsos
973 3263 1139 3320 schedarum

177 3332 278 3384 ductus
295 3333 510 3408 repraesentare
522 3330 603 3384 initio
616 3330 831 3393 constitueram
851 3329 900 3384 sed
913 3346 979 3384 mox
991 3333 1139 3387 consilium

177 3397 352 3452 difficultatis
373 3398 489 3466 plenum
512 3398 602 3452 abieci
625 3398 747 3452 maxime
770 3398 921 3465 postquam
940 3399 1136 3467 animadverti,

178 3481 262 3532 quam
286 3465 359 3520 male
382 3465 411 3517 id
430 3464 602 3534 Boeckingio
625 3465 754 3542 quamvis
778 3463 992 3534 diligentissimo
1016 3469 1138 3524 cesserit.

178 3534 278 3600 ltaque
296 3534 349 3587 hac
367 3534 447 3601 parte
466 3532 638 3587 Lachmannr
657 3532 744 3588 editio
768 3532 899 3586 adeunda
922 3535 972 3586 est
1007 3533 1137 3604 Denique
