2464 3978
349 215 406 252 aaa
425 217 519 252 aaa.
538 197 573 251 11.
594 204 742 252 see-1³4.
959 171 1023 262 too

49 349 154 408 tetrito
182 347 254 404 uolat
279 350 391 422 quietem
411 351 626 415 testamentum,
651 347 703 402 sed
724 352 825 416 posteo
850 345 1024 418 aitpnatione

46 435 189 502 postumi
201 435 270 493 sitae
286 440 426 504 postumae
442 431 592 504 rumpitur,
614 438 641 484 et
660 445 690 485 ee
711 433 818 486 ratione
834 435 920 485 totum
935 429 1026 500 infir!-

50 524 160 572 mstur.
188 520 286 588 itaque
297 516 319 571 si
335 517 441 587 mutter,
455 531 487 569 ex
499 531 551 586 qus
560 521 710 585 postumus
720 521 771 570 aut
783 517 921 585 postoima
932 529 1023 584 spern-

50 598 152 665 batur,
169 598 295 655 abortum
307 599 427 672 fecerit,
444 600 515 655 ninii
529 597 724 669 impedimento
739 607 782 654 est
796 601 923 667 scripttis
941 597 1023 652 itere-

51 683 144 740 dibus
171 685 211 740 ed
239 684 427 740 hereditatem
458 685 628 740 adeundam.
682 679 746 740 132.
780 681 838 738 Seri
859 681 993 754 feminini
1017 687 1040 741 t‘

51 767 173 840 quidem
189 783 269 822 sexus
284 783 417 842 personae
438 769 484 824 uel
499 770 664 823 nominatim
684 770 731 822 uet
745 769 827 828 intter
845 772 953 822 ceteros
972 779 1023 822 ecc·

51 853 205 910 heredari
218 851 319 924 soient,
335 853 401 909 dum
417 858 522 921 temen,
538 855 565 907 si
577 853 654 906 inter
669 855 781 908 ceteras
796 850 1021 920 exheredentun

52 937 175 1008 atiquid
190 939 231 992 eis
245 939 365 1009 tepetur,
382 951 418 991 ne
432 937 589 992 uideantur
601 949 658 1006 per
672 928 847 995 obliuiatoem
862 936 1023 1007 praeteritae

52 1035 140 1075 esse.-
156 1023 311 1076 masculini
324 1036 395 1077 uera
410 1035 501 1076 secus
514 1021 671 1076 liberorum
688 1027 835 1091 persotoas
850 1017 952 1092 placuit
968 1033 1022 1074 ooo

52 1103 140 1160 aliter
156 1105 432 1168 recommendare,
454 1098 943 1180 nisinalmc'natimexheredentur,
967 1102 1022 1158 noc
1032 1101 1075 1150 87.

52 1191 176 1245 seilicet
190 1191 270 1245 meato
285 1203 465 1255 peremere
477 1203 551 1245 uror
567 1203 671 1245 eteius
683 1201 814 1245 centres
826 1201 948 1254 ereata
961 1172 1049 1254 esa·
1059 1180 1076 1210 ⁸·

54 1286 169 1329 nans
196 1289 286 1330 esso.
330 1303 432 1312 -—-
453 1289 512 1326 av.
529 1272 606 1326 2—
621 1272 679 1327 iere
700 1271 733 1325 od
751 1272 799 1328 11.
815 1269 885 1325 med.
906 1263 1021 1310 --¹

52 1351 123 1414 18³.
145 1357 350 1414 Postumerunt
363 1361 427 1414 laco
442 1364 509 1412 sunt
524 1364 551 1412 et
570 1357 613 1425 iai,
635 1358 686 1427 qui
698 1359 728 1410 io
743 1371 787 1411 sur
784 1355 918 1411 heredis
931 1356 1024 1410 locum

54 1443 246 1498 succedenda
261 1445 347 1514 quasi
366 1442 570 1515 adpnasceneto
590 1443 665 1512 fiunt
681 1437 860 1511 perentibus
882 1439 924 1496 sui
945 1438 1032 1494 here.

54 1525 124 1582 des:
142 1533 175 1580 ut
190 1541 252 1581 occe
267 1525 290 1580 si
307 1523 389 1580 filium
405 1533 432 1580 ct
444 1541 483 1581 ecc
493 1540 526 1581 ea
538 1530 668 1596 nepotem
679 1531 835 1596 netptemue
845 1525 875 1579 in
884 1527 1024 1596 potestate

54 1610 197 1676 habeare,
212 1612 281 1682 quie
296 1612 376 1682 fitius
388 1611 483 1683 produ
493 1610 659 1680 praecedit,
674 1611 700 1664 is
714 1609 797 1685 sotus,
807 1609 874 1685 iure
886 1611 933 1664 sui
941 1607 1024 1662 inere·

55 1695 103 1750 dis
117 1695 223 1763 hebet,
239 1697 373 1766 quamuis
387 1707 478 1765 nepes
492 1700 610 1766 quotque
625 1701 653 1748 et
667 1693 757 1766 neptis
773 1707 812 1748 erc
832 1707 865 1747 eo
879 1695 909 1747 in
925 1692 1024 1747 cariem

54 1784 207 1849 potestate
231 1781 304 1842 sint;
329 1779 379 1836 sed
399 1781 424 1834 si
442 1779 520 1849 fitius
540 1791 619 1834 meus
639 1791 683 1831 me
705 1779 772 1832 uiuo
793 1779 951 1844 morietur,
973 1781 1024 1830 eut

56 1863 191 1935 quotibet
205 1865 318 1920 ratione
330 1868 422 1919 aecae
435 1863 471 1918 de
486 1867 632 1932 potestate
645 1873 724 1928 rneu,
748 1863 849 1930 incipit
870 1873 960 1930 nepas
975 1873 1024 1913 ne·

56 1949 206 2016 ptisue-in
227 1950 289 2006 eius
308 1949 401 2005 tecum
423 1947 605 2015 succedere,
628 1952 656 2000 et
670 1960 710 2000 eo
732 1943 813 1999 mado
839 1944 897 2000 iure
910 1957 1024 1998 suorum

4 2039 47 2089 1⁷⁶]
58 2031 201 2088 heredum
217 2035 304 2104 punct
316 2033 495 2104 adpnatiotoe
510 2030 712 2086 nomsseuotur.
758 2023 822 2086 184.
845 2026 883 2084 No
906 2043 974 2101 ergo
991 2042 1024 2083 eo

59 2116 144 2172 modo
168 2123 312 2189 rumpetur
332 2115 396 2170 mihi
416 2122 633 2185 testamentum,
659 2116 734 2170 sicut
753 2115 846 2184 ipsum
866 2115 956 2185 fitium
979 2114 1025 2168 uei

59 2201 199 2257 heredem
219 2199 366 2256 instituere
387 2199 429 2254 uel
452 2207 456 2262 ι
478 2199 642 2254 exheredare
664 2195 846 2272 (nominatim)
867 2196 968 2259 debeo.
991 2211 1025 2250 nc

60 2301 116 2341 noa
132 2289 200 2342 iure
212 2284 325 2356 faciem
340 2289 556 2354 testamentum,
576 2286 617 2338 ita
633 2290 660 2338 et
675 2285 813 2354 netpotero
834 2289 979 2352 neptomuo
994 2296 1025 2334 ex

61 2385 93 2424 eo
108 2385 227 2426 neceas
238 2376 282 2424 cst
296 2361 381 2424 ιιιῑιιί2
395 2369 442 2424 uei
456 2368 591 2423 nerestein
604 2369 756 2422 instituere
771 2367 818 2422 uei
830 2365 1023 2432 exheredare,

61 2470 105 2510 ne
110 2453 211 2528 forte,
231 2467 275 2508 me
296 2456 363 2509 uiuo
377 2454 436 2524 fitia
456 2457 581 2520 mortuo,
604 2451 817 2506 succedendo
806 2467 836 2506 sn
855 2452 949 2505 laeum
964 2451 1026 2504 eius

62 2554 156 2610 nepas
166 2540 299 2607 neposne
317 2531 322 2612 Ι
342 2551 418 2609 quast
411 2535 594 2609 cognatione
604 2541 711 2606 rumpat
721 2541 928 2589 testamentum
944 2532 1025 2604 idque
1036 2534 1078 2583 88.

62 2621 127 2696 lege
142 2619 228 2676 'tunta
242 2616 365 2676 Vellsso³
380 2621 521 2693 prouisum
537 2626 589 2690 est,
604 2619 632 2673 io
650 2633 702 2690 quo
717 2617 796 2672 sinaut
810 2605 1072 2672 exheredationis‘'
1075 2631 1080 2640 ·

140 2769 160 2838 ¹)
176 2770 209 2820 In
223 2771 265 2820 itis
278 2770 396 2821 uersibus
410 2785 475 2835 quoe
489 2771 591 2833 scripta
605 2775 688 2827 erant,
703 2768 877 2818 Iustiniaaurn
886 2775 911 2817 et
924 2769 952 2816 in
961 2766 1026 2816 last.

64 2851 88 2892 et
102 2844 132 2891 in
147 2842 210 2907 Dip.
225 2843 350 2901 omisisse,
365 2855 399 2891 ecc
418 2840 445 2890 V
446 2837 468 2874 ’ἵ
481 2847 598 2904 apparet,
614 2838 658 2888 ubi
667 2847 777 2902 praeter
790 2841 909 2904 sinputae
924 2839 1027 2888 litteras

65 2921 166 2962 tantum
185 2930 208 2962 u.
224 2925 244 2964 e.
264 2921 321 2976 pote
335 2929 364 2972 u,
379 2929 401 2961 ιι.
416 2923 436 2964 e.
457 2919 511 2974 egat
528 2911 605 2960 initio
624 2911 676 2976 1092·
691 2912 785 2974 potuit.
815 2909 977 2960 Per-tinuisse
996 2925 1027 2958 ea
1095 2933 1096 2938 =

64 2985 188 3034 uidentur
202 2985 238 3033 ad
251 2990 352 3033 ceteras
361 2989 538 3047 pestumarum
548 2982 746 3045 praeterfltiurn
757 2982 887 3045 filiamque
898 2995 1027 3045 personas

65 3057 93 3104 in
112 3056 275 3105 institutione
293 3056 333 3104 ael
351 3053 553 3103 exheredatiane
571 3059 642 3102 recte
660 3052 881 3102 dernoastrandas.
938 3048 959 3116 ¹)
976 3050 1026 3100 Ne-

65 3127 173 3174 tandum
188 3133 238 3184 est,
258 3141 323 3190 quae
341 3124 436 3174 abhinc
454 3139 533 3188 usque
551 3124 678 3186 adfinem
694 3139 721 3186 p.
737 3135 770 3174 st.
790 3137 825 3172 eu
843 3121 907 3172 Iust.
927 3129 952 3170 et
965 3121 1026 3186 esp.

66 3198 153 3246 relata
166 3204 239 3254 sunt,
258 3211 310 3246 non
329 3197 451 3259 sufficere
470 3195 506 3244 ad
518 3194 660 3258 capiendos
679 3193 707 3243 V
707 3190 728 3226 ¹²
742 3211 764 3242 a.
779 3203 875 3243 its-ot.
906 3191 1027 3242 Fortasse

67 3269 151 3330 ipitur
165 3267 292 3316 librarius
305 3267 349 3316 hic
364 3274 392 3316 ut
404 3268 466 3316 aliis
481 3266 546 3315 loeis
559 3280 651 3316 errore
666 3265 791 3329 quaedam
805 3264 844 3313 bis
857 3263 972 3326 scripsit.

69 3334 90 3402 ³)
105 3354 130 3388 a.
147 3349 180 3390 se.
204 3338 264 3388 Vici.
279 3339 316 3388 ad
333 3337 389 3402 Uip.
404 3348 439 3396 se,
454 3349 488 3388 ιι.

141 3484 184 3557 ἕξ
199 3493 259 3540 133.
277 3492 335 3544 134,
351 3510 385 3530 =
400 3488 432 3536 L.
448 3500 481 3538 le.
506 3486 538 3534 t).
559 3487 591 3534 de
610 3487 706 3536 iniuste
725 3493 802 3548 rupto
818 3484 863 3550 (28,
878 3483 910 3550 u).
930 3487 954 3547 ξ.
969 3495 989 3534 2.
1005 3483 1027 3533 Ι.

69 3560 387 3625 &maweu
539 3584 542 3591 ·
