2496 3984
209 171 253 235 48
518 189 576 225 9111
593 191 687 226 auena.
706 171 727 223 Ι.
747 173 861 226 tat—ea.

210 320 365 376 mutauerit.
401 316 450 376 84.
476 318 544 378 Ecce
560 322 631 378 enim
647 336 680 376 cx
695 318 934 376 senatusconsulto
950 317 1105 375 Claudiano
1123 327 1194 392 pot·

209 412 267 460 erat
281 405 348 460 ciuis
360 405 488 476 Romana,
504 421 574 478 quae
585 405 672 460 alieno
684 403 767 460 seruo
780 403 891 460 uolente
902 402 1012 460 domino
1026 405 1093 459 eius
1105 406 1193 476 coiit,

209 490 269 562 ipsa
283 505 316 544 ex
328 489 454 561 pactione
469 487 553 544 libera
563 503 735 562 permanere,
752 486 798 542 sed
811 503 920 543 seruum
933 503 1104 560 procreare;
1123 503 1192 544 nam

211 572 284 648 quod
293 574 365 628 inter
374 589 432 629 eam
440 581 469 630 et
480 572 617 630 dominum
627 573 707 630 istius
718 573 792 628 serui
801 574 973 642 conuenerit,
981 564 1036 628 ’eo¹
1051 580 1192 628 senatus·

211 657 337 714 consulto
358 665 446 714 ratum
472 673 535 714 esse
559 656 689 714 iubetun
716 655 766 712 sed
788 663 883 730 postea
908 655 989 712 diuus
1011 654 1189 722 Hadrianus,

141 728 143 732 ’
156 743 199 791 93.
210 742 352 815 iniquitate
364 743 403 796 rei
420 749 448 797 et
462 741 626 814 inelegantis
638 743 705 798 iuris
715 749 815 811 motus,
831 741 951 796 restituit
962 741 1029 796 iuris
1041 733 1189 817 genitium

209 825 343 899 regulam,
358 834 390 882 ut
404 842 466 882 eum
481 827 538 898 ipsa
554 825 651 882 mulier
666 824 748 882 libera
763 831 930 898 permaneat,
945 824 1064 880 liberum
1082 827 1188 898 pariat.

209 907 257 968 85.
278 907 372 980 ’iItem
387 925 402 965 e
416 913 479 983 teqe
494 902 629 982 Batinaj²
643 925 676 966 ex
691 908 788 966 andlla
803 918 831 966 et
849 907 934 966 libero
949 915 1082 982 poterant
1096 907 1188 966 tiberi
1195 915 1230 963 [12³

190 994 297 1058 *nasci3
313 1010 374 1048 nam
389 1010 420 1048 ea
435 994 497 1067 loge
512 1002 633 1062 cauetur,
650 1001 680 1050 ut
696 995 718 1050 si
731 994 865 1066 quiscum
876 993 1084 1064 alienaaucilla,
1098 1010 1184 1066 quam

211 1076 338 1134 credebat
358 1077 468 1133 liberam
489 1094 565 1149 esse,
592 1079 703 1147 coierit,
730 1075 863 1150 siquidem
884 1077 996 1136 masenii
1017 1087 1182 1148 nascantur,

210 1161 288 1218 liberi
304 1163 374 1232 sint,
389 1163 411 1217 si
428 1177 494 1217 uero
510 1162 642 1233 feminae,
663 1162 698 1218 ad
714 1178 777 1220 eum
797 1163 967 1235 pertineant,
991 1163 1071 1218 ouius
1092 1172 1184 1218 mater

211 1245 306 1304 anciila
321 1246 414 1303 tuerit.
449 1245 497 1304 sed
512 1254 540 1302 et
554 1247 582 1302 iu
598 1247 649 1304 tiae
664 1247 753 1320 specie
772 1245 854 1302 diuus
869 1246 1069 1319 Vespasianus,
1093 1246 1182 1306 inele-

210 1332 301 1405 gantis
315 1332 380 1386 iuris
396 1339 504 1402 motus,
525 1332 646 1388 restituit
659 1333 726 1388 iuris
742 1331 864 1404 gentium
881 1330 1018 1404 regulam,
1040 1338 1074 1386 ut
1090 1331 1180 1386 omni-

210 1415 309 1486 modo,
332 1417 436 1470 etiarnsi
459 1415 570 1472 masculi
590 1424 751 1485 uisuntur,
773 1417 846 1472 serui
868 1416 924 1472 sint
945 1416 1020 1485 eius,
1046 1416 1129 1472 euius
1153 1424 1179 1470 ea

210 1506 296 1554 mater
310 1499 402 1556 fuerit.
438 1495 488 1557 86.
510 1499 562 1554 Sed
577 1499 623 1554 illa
639 1515 701 1572 pars
716 1498 836 1556 eiusdem
851 1497 920 1573 legis
937 1499 1010 1556 salua
1025 1508 1081 1569 est,
1099 1507 1131 1554 ut
1147 1516 1178 1555 ex

210 1581 294 1638 libera
310 1591 338 1638 et
352 1599 434 1640 seruo
449 1583 547 1653 alieno,
564 1599 645 1656 quern
656 1581 757 1639 sciehat
768 1600 879 1640 seruum
892 1600 963 1654 esse,
979 1586 1052 1640 serui
1065 1600 1177 1640 nascan-

211 1675 265 1728 tur.
295 1669 387 1740 itaque
409 1667 479 1741 apud
502 1684 571 1740 quos
592 1667 662 1724 tatis*
677 1667 721 1724 iex
742 1685 798 1724 nou
819 1677 875 1738 est,
893 1669 940 1742 qui
955 1672 1099 1741 nescitur,
1115 1669 1175 1724 iure

211 1753 333 1826 gentium
349 1753 442 1810 matris
457 1751 643 1812 condicionem
660 1751 789 1825 sequitur
803 1761 831 1808 et
846 1751 880 1808 ob
895 1752 922 1808 id
938 1751 1006 1808 liber
1020 1762 1073 1808 est.

274 1831 319 1894 87.
342 1834 446 1902 Quibus
468 1846 560 1898 autern
581 1835 687 1896 casibus
705 1837 799 1892 matris
821 1845 851 1892 et
864 1853 920 1896 non
934 1837 1019 1910 patrie
1035 1836 1173 1894 condicio-

210 1937 271 1976 nem
294 1922 419 1994 sequitur
441 1922 487 1993 qni
509 1923 640 1992 nascitur,
661 1921 756 1979 iisdem
779 1919 885 1978 cestius
907 1922 934 1978 in
949 1916 1171 1994 potestateeunr
1229 1915 1230 1985 1

211 2005 306 2078 patris.
322 2005 426 2060 etiamsi
442 2006 467 2059 is
479 2005 548 2062 ciuis
562 2005 698 2062 Romanus
713 2005 759 2076 sit,
775 2022 831 2062 uon
846 2022 911 2065 ease
923 2005 985 2079 ptus
998 2021 1078 2079 quam
1090 2008 1171 2064 nani-
1228 2075 1229 2145 1

285 2169 305 2239 ¹)
320 2187 348 2222 ex
365 2173 390 2222 C.
405 2174 463 2222 edd.
525 2169 680 2239 ²)Restitni.
709 2173 853 2224 Librarius
869 2175 913 2225 die
930 2176 1044 2239 spatium
1062 2176 1168 2226 duarum

211 2245 357 2293 litterarum
371 2245 486 2308 reliquit,
501 2245 571 2308 quod
579 2247 682 2308 eapieui
693 2241 789 2294 ‘Item'.
813 2246 914 2296 Deinde
928 2261 990 2296 vero
1006 2242 1040 2294 ἐ.
1049 2247 1065 2295 l.
1076 2243 1165 2296 Iatina'
1227 2243 1228 2303 1

210 2317 271 2364 oiim
286 2314 317 2364 ob
330 2315 525 2363 similitudinem
540 2331 596 2364 eum
610 2318 727 2380 sequenti
741 2331 769 2364 ex
788 2317 874 2365 ancilla
885 2317 968 2380 facile
982 2319 1067 2366 omitti
1076 2319 1165 2381 potuit.

210 2385 306 2452 Leqem
320 2387 386 2434 enim
399 2385 469 2435 dane
484 2385 624 2438 Romanam
638 2402 690 2436 nen
701 2387 794 2450 fuisse,
809 2396 920 2451 apparet
933 2395 984 2436 tam
993 2403 1029 2437 eae
1035 2387 1087 2450 fine
1096 2403 1165 2452 quarn
1226 2393 1227 2463 i

209 2471 246 2505 eac
264 2458 340 2506 initio
359 2459 386 2518 §i
403 2467 437 2508 os.
461 2459 556 2507 collato
575 2471 632 2507 oum
650 2457 697 2507 SC.
715 2457 867 2508 Ciaudiano.
901 2457 990 2523 (Quod
1009 2473 1060 2508 non
1075 2475 1166 2509 curans

208 2529 339 2592 suppleuit
358 2525 456 2578 ‘Etiam
470 2531 526 2594 leqe
539 2528 618 2580 Aelia
631 2525 734 2580 Sentia'
750 2528 798 2594 Bq.
813 2527 896 2595 edio.)
926 2529 1014 2594 Neque
1027 2531 1164 2580 cerentius
1225 2553 1226 2624 q

206 2601 301 2663 pepuli
310 2601 449 2665 pereqrini
461 2603 541 2666 leqena
555 2597 732 2664 Vespasianus
743 2599 825 2664 facile
839 2607 967 2658 mutasset,
983 2603 1028 2664 qui
1042 2609 1130 2651 eontra
1140 2604 1163 2650 ia

211 2672 269 2720 iure
283 2671 439 2720 Latinorum
452 2678 550 2720 tontum
564 2672 710 2732 innovavit,
728 2678 757 2719 ut
774 2673 820 2735 qui
837 2678 896 2720 ante
915 2687 971 2720 eum
985 2671 1060 2720 Latii
1073 2675 1111 2721 ias
1124 2673 1163 2722 oh·
1224 2691 1225 2700 ¹

211 2743 361 2799 tinuissent,
383 2741 476 2790 Latini
489 2749 587 2792 ueteres
601 2743 753 2794 dicerentur
771 2740 867 2806 (Tacit.
883 2741 916 2792 Α.
929 2753 951 2800 4,
966 2754 978 2794 o
993 2749 1018 2791 et
1031 2744 1102 2807 infra
1115 2751 1161 2793 not.
1224 2703 1225 2782 1

210 2812 248 2860 aa
261 2824 281 2872 1,
292 2811 337 2876 95).
360 2809 414 2860 Sed
427 2814 548 2861 sisimile
563 2813 626 2876 quid
639 2814 667 2861 in
681 2814 779 2876 nuptiis
790 2812 964 2863 Romanorum
978 2813 1099 2863 nobilium
1110 2830 1162 2863 cum

211 2882 316 2932 Latinis
328 2882 434 2945 seminia
448 2890 473 2932 et
486 2890 587 2941 eontra,
602 2883 667 2933 bello
682 2891 774 2934 eontra
784 2899 854 2947 spem
867 2891 970 2942 enoria,
984 2891 1085 2934 cnutum
1097 2886 1160 2934 eide·

210 2967 266 3002 runs
279 2951 346 3002 saro
360 2969 385 3002 a.
400 2969 425 3001 u.
441 2965 488 3004 999.
507 2953 615 3019 dionys.
631 2966 652 3013 6,
667 2967 687 3006 1.
707 2955 824 3020 Denique
840 2952 907 3020 ‘ieqe
921 2951 1031 3004 Latina’
1048 2957 1065 3004 i.
1075 2971 1094 3005 e.
1106 2958 1160 3005 iure

211 3025 308 3074 Latino
323 3024 425 3088 aliquid
437 3023 553 3074 obtinere
569 3025 650 3074 Gaius
660 3026 772 3089 perinde
785 3025 874 3076 dicere
883 3033 997 3090 poterat,
1012 3033 1085 3090 atque
1100 3026 1159 3092 aty-

206 3096 340 3160 pdoninua
353 3095 386 3144 h.
401 3107 434 3146 19.
454 3097 478 3158 §-
488 3109 508 3148 9.
528 3097 560 3145 D.
576 3097 608 3146 de
622 3099 716 3160 captia.
730 3095 774 3162 (95,
785 3095 820 3163 15)
835 3098 906 3147 dixit
920 3094 987 3164 ‘leqe
1002 3095 1097 3147 nostro’
1113 3100 1130 3147 i.
1139 3115 1158 3148 e.

210 3169 268 3216 iure
284 3167 407 3217 Romano.
429 3167 489 3218 Vid.
503 3170 580 3217 etiarn
594 3180 614 3227 1,
630 3179 676 3219 193.
691 3180 712 3230 a,
727 3179 760 3219 sc.

282 3314 308 3385 ᾖ.
324 3321 366 3369 84.
389 3319 427 3380 Os.
443 3319 520 3367 Paul.
535 3331 556 3376 2,
571 3330 596 3368 91
611 3318 643 3366 Α.
658 3331 679 3376 t,
695 3330 729 3369 19.
748 3319 772 3379 ξ.
787 3331 808 3369 9.
823 3317 908 3382 ibique
923 3325 974 3368 not.
990 3319 1022 3367 L.
1037 3330 1056 3369 a.
1077 3317 1116 3367 179.
1132 3320 1155 3368 0.

211 3389 248 3438 ad
260 3388 308 3438 SC.
325 3388 415 3438 Claud.
431 3387 463 3454 (4,
478 3387 509 3454 9)·.
529 3389 602 3452 infra
617 3391 656 3450 55.
668 3402 702 3441 91.
718 3401 764 3440 199.
802 3385 827 3455 §.
844 3392 886 3440 85.
907 3389 946 3452 Os.
961 3389 993 3439 L.
1009 3401 1072 3452 ipa.
1085 3390 1113 3438 Ι).
1128 3407 1156 3438 ne

212 3461 244 3508 de
262 3467 330 3508 statu
350 3461 403 3522 des.
423 3459 472 3526 (49,
492 3458 537 3524 to).
560 3459 593 3508 L.
612 3471 633 3511 s.
654 3460 836 3510 deotmar.
857 3459 953 3526 (5‚18).
1027 3457 1052 3528 ᾗ.
1065 3461 1101 3511 87.
1120 3461 1154 3524 Cf.

213 3531 251 3590 it·
266 3541 292 3580 ⁶⁶
305 3545 357 3594 aee·
