<?xml version="1.0" encoding="UTF-8"?>
<!DOCTYPE html PUBLIC "-//W3C//DTD XHTML 1.0 Transitional//EN"
    "http://www.w3.org/TR/xhtml1/DTD/xhtml1-transitional.dtd">
<html xmlns="http://www.w3.org/1999/xhtml" xml:lang="en" lang="en">
 <head>
  <title>
</title>
<meta http-equiv="Content-Type" content="text/html;charset=utf-8" />
  <meta name='ocr-system' content='tesseract 3.04.00' />
  <meta name='ocr-capabilities' content='ocr_page ocr_carea ocr_par ocr_line ocrx_word'/>
</head>
<body>
  <div class='ocr_page' id='page_1' title='image "./gaiiinstitution00huscgoog_0255.png"; bbox 0 0 2470 3972; ppageno 0'>
   <div class='ocr_carea' id='block_1_1' title="bbox 195 155 876 219">
    <p class='ocr_par' dir='ltr' id='par_1_1' title="bbox 195 155 876 219">
     <span class='ocr_line' id='line_1_1' title="bbox 195 155 876 219; baseline -0.013 -4"><span class='ocrx_word' id='word_1_1' title='bbox 195 155 260 219; x_wconf 86' lang='grc'><strong>248</strong></span> <span class='ocrx_word' id='word_1_2' title='bbox 472 174 530 209; x_wconf 74' lang='lat' dir='ltr'><strong>usu</strong></span> <span class='ocrx_word' id='word_1_3' title='bbox 547 175 640 208; x_wconf 79' lang='lat' dir='ltr'><strong>merra.</strong></span> <span class='ocrx_word' id='word_1_4' title='bbox 660 155 707 208; x_wconf 87' lang='lat' dir='ltr'><strong>lv.</strong></span> <span class='ocrx_word' id='word_1_5' title='bbox 728 161 876 210; x_wconf 87' lang='lat'>141-144.</span> 
     </span>
    </p>
   </div>
   <div class='ocr_carea' id='block_1_2' title="bbox 103 301 1226 2058">
    <p class='ocr_par' dir='ltr' id='par_1_2' title="bbox 194 301 1212 714">
     <span class='ocr_line' id='line_1_2' title="bbox 194 301 1155 380; baseline -0.002 -22"><span class='ocrx_word' id='word_1_6' title='bbox 194 305 342 378; x_wconf 77' lang='lat' dir='ltr'>praecipit,</span> <span class='ocrx_word' id='word_1_7' title='bbox 358 320 392 360; x_wconf 91' lang='lat' dir='ltr'><strong>ne</strong></span> <span class='ocrx_word' id='word_1_8' title='bbox 407 306 465 360; x_wconf 89' lang='lat' dir='ltr'><strong>sine</strong></span> <span class='ocrx_word' id='word_1_9' title='bbox 481 305 549 360; x_wconf 86' lang='lat' dir='ltr'><strong>uitio</strong></span> <span class='ocrx_word' id='word_1_10' title='bbox 566 303 715 380; x_wconf 81' lang='lat' dir='ltr'><strong>possidenti</strong></span> <span class='ocrx_word' id='word_1_11' title='bbox 736 303 777 357; x_wconf 92' lang='lat' dir='ltr'><strong>uis</strong></span> <span class='ocrx_word' id='word_1_12' title='bbox 793 301 855 367; x_wconf 81' lang='lat' dir='ltr'><strong>hat,</strong></span> <span class='ocrx_word' id='word_1_13' title='bbox 870 317 939 358; x_wconf 92' lang='lat' dir='ltr'><strong>nene</strong></span> <span class='ocrx_word' id='word_1_14' title='bbox 956 303 983 357; x_wconf 92' lang='lat' dir='ltr'><strong>iu</strong></span> <span class='ocrx_word' id='word_1_15' title='bbox 998 301 1060 357; x_wconf 91' lang='lat' dir='ltr'><strong>ioco</strong></span> <span class='ocrx_word' id='word_1_16' title='bbox 1074 317 1155 358; x_wconf 85' lang='lat' dir='ltr'><strong>sacro</strong></span> 
     </span>
     <span class='ocr_line' id='line_1_3' title="bbox 194 387 1156 462; baseline -0.002 -20"><span class='ocrx_word' id='word_1_17' title='bbox 194 387 373 462; x_wconf 88' lang='lat' dir='ltr'><strong>aliquid-hat:</strong></span> <span class='ocrx_word' id='word_1_18' title='bbox 399 389 471 444; x_wconf 92' lang='lat' dir='ltr'><strong>unde</strong></span> <span class='ocrx_word' id='word_1_19' title='bbox 491 389 579 444; x_wconf 91' lang='lat' dir='ltr'><strong>omnia</strong></span> <span class='ocrx_word' id='word_1_20' title='bbox 605 387 747 442; x_wconf 87' lang='lat' dir='ltr'><strong>interdicta</strong></span> <span class='ocrx_word' id='word_1_21' title='bbox 770 395 817 442; x_wconf 92' lang='lat' dir='ltr'><strong>aut</strong></span> <span class='ocrx_word' id='word_1_22' title='bbox 843 387 1014 442; x_wconf 88' lang='lat' dir='ltr'><strong>restitutoria</strong></span> <span class='ocrx_word' id='word_1_23' title='bbox 1039 394 1086 441; x_wconf 92' lang='lat' dir='ltr'><strong>aut</strong></span> <span class='ocrx_word' id='word_1_24' title='bbox 1109 402 1156 441; x_wconf 81' lang='lat' dir='ltr'><strong>ex-</strong></span> 
     </span>
     <span class='ocr_line' id='line_1_4' title="bbox 195 467 1156 545; baseline -0.004 -17"><span class='ocrx_word' id='word_1_25' title='bbox 195 471 320 528; x_wconf 88' lang='lat' dir='ltr'><strong>hibitoria</strong></span> <span class='ocrx_word' id='word_1_26' title='bbox 345 480 392 528; x_wconf 88' lang='lat' dir='ltr'><strong>ant</strong></span> <span class='ocrx_word' id='word_1_27' title='bbox 417 471 594 545; x_wconf 90' lang='lat' dir='ltr'><strong>prohibitoria</strong></span> <span class='ocrx_word' id='word_1_28' title='bbox 623 480 766 528; x_wconf 89' lang='lat' dir='ltr'><strong>uocantur.</strong></span> <span class='ocrx_word' id='word_1_29' title='bbox 813 467 874 526; x_wconf 88' lang='lat'>141.</span> <span class='ocrx_word' id='word_1_30' title='bbox 903 470 959 526; x_wconf 86' lang='lat' dir='ltr'><strong>Nec</strong></span> <span class='ocrx_word' id='word_1_31' title='bbox 981 479 1069 526; x_wconf 89' lang='lat' dir='ltr'><strong>tamen</strong></span> <span class='ocrx_word' id='word_1_32' title='bbox 1094 486 1156 526; x_wconf 91' lang='lat' dir='ltr'><strong>cum</strong></span> 
     </span>
     <span class='ocr_line' id='line_1_5' title="bbox 195 554 1212 629; baseline -0.001 -19"><span class='ocrx_word' id='word_1_33' title='bbox 195 556 259 629; x_wconf 89' lang='lat' dir='ltr'><strong>qnid</strong></span> <span class='ocrx_word' id='word_1_34' title='bbox 275 557 384 612; x_wconf 91' lang='lat' dir='ltr'><strong>iusserit</strong></span> <span class='ocrx_word' id='word_1_35' title='bbox 400 555 457 612; x_wconf 85' lang='lat' dir='ltr'><strong>fieri</strong></span> <span class='ocrx_word' id='word_1_36' title='bbox 479 564 525 611; x_wconf 90' lang='lat' dir='ltr'><strong>aut</strong></span> <span class='ocrx_word' id='word_1_37' title='bbox 546 554 603 611; x_wconf 88' lang='lat' dir='ltr'><strong>fieri</strong></span> <span class='ocrx_word' id='word_1_38' title='bbox 624 554 809 628; x_wconf 78' lang='lat' dir='ltr'><strong>prohibuerit,</strong></span> <span class='ocrx_word' id='word_1_39' title='bbox 837 555 928 610; x_wconf 90' lang='lat' dir='ltr'><strong>statim</strong></span> <span class='ocrx_word' id='word_1_40' title='bbox 948 563 1093 628; x_wconf 84' lang='lat' dir='ltr'><strong>peractum</strong></span> <span class='ocrx_word' id='word_1_41' title='bbox 1114 563 1212 618; x_wconf 81' lang='lat' dir='ltr'><strong>esium</strong></span> 
     </span>
     <span class='ocr_line' id='line_1_6' title="bbox 195 629 1157 714; baseline 0.002 -20"><span class='ocrx_word' id='word_1_42' title='bbox 195 641 352 714; x_wconf 77' lang='lat' dir='ltr'><strong>negotium,</strong></span> <span class='ocrx_word' id='word_1_43' title='bbox 377 640 425 696; x_wconf 89' lang='lat' dir='ltr'><strong>sed</strong></span> <span class='ocrx_word' id='word_1_44' title='bbox 446 639 478 695; x_wconf 91' lang='lat' dir='ltr'><strong>ad</strong></span> <span class='ocrx_word' id='word_1_45' title='bbox 499 639 613 696; x_wconf 89' lang='lat' dir='ltr'><strong>iudicem</strong></span> <span class='ocrx_word' id='word_1_46' title='bbox 636 629 876 712; x_wconf 84' lang='lat' dir='ltr'><strong>recuperatoresn&#39;e</strong></span> <span class='ocrx_word' id='word_1_47' title='bbox 897 640 957 695; x_wconf 85' lang='lat' dir='ltr'><strong>itur</strong></span> <span class='ocrx_word' id='word_1_48' title='bbox 977 647 1005 693; x_wconf 88' lang='lat' dir='ltr'><strong>et</strong></span> <span class='ocrx_word' id='word_1_49' title='bbox 1025 637 1060 693; x_wconf 92' lang='lat' dir='ltr'><strong>ihi</strong></span> <span class='ocrx_word' id='word_1_50' title='bbox 1075 639 1157 696; x_wconf 90' lang='lat' dir='ltr'><strong>editis</strong></span> 
     </span>
    </p>

    <p class='ocr_par' dir='ltr' id='par_1_3' title="bbox 103 722 1226 1375">
     <span class='ocr_line' id='line_1_7' title="bbox 103 722 1226 798; baseline 0 -20"><span class='ocrx_word' id='word_1_51' title='bbox 103 751 104 754; x_wconf 34' lang='lat'>¹</span> <span class='ocrx_word' id='word_1_52' title='bbox 195 723 320 780; x_wconf 81' lang='lat' dir='ltr'><strong>formulis</strong></span> <span class='ocrx_word' id='word_1_53' title='bbox 347 726 501 798; x_wconf 87' lang='lat' dir='ltr'><strong>quaeritur,</strong></span> <span class='ocrx_word' id='word_1_54' title='bbox 533 741 567 779; x_wconf 88' lang='lat' dir='ltr'><strong>an</strong></span> <span class='ocrx_word' id='word_1_55' title='bbox 593 722 693 796; x_wconf 89' lang='lat' dir='ltr'><strong>aliquid</strong></span> <span class='ocrx_word' id='word_1_56' title='bbox 719 723 850 779; x_wconf 91' lang='lat' dir='ltr'><strong>aduersus</strong></span> <span class='ocrx_word' id='word_1_57' title='bbox 876 723 1011 796; x_wconf 87' lang='lat' dir='ltr'><strong>praetoris</strong></span> <span class='ocrx_word' id='word_1_58' title='bbox 1038 722 1156 779; x_wconf 88' lang='lat' dir='ltr'><strong>edietum</strong></span> <span class='ocrx_word' id='word_1_59' title='bbox 1225 787 1226 794; x_wconf 8' lang='grc' dir='ltr'>ἵ</span> 
     </span>
     <span class='ocr_line' id='line_1_8' title="bbox 195 803 1156 880; baseline 0.002 -18"><span class='ocrx_word' id='word_1_60' title='bbox 195 807 295 863; x_wconf 87' lang='lat' dir='ltr'><strong>iactum</strong></span> <span class='ocrx_word' id='word_1_61' title='bbox 311 809 362 880; x_wconf 80' lang='lat' dir='ltr'><strong>sit,</strong></span> <span class='ocrx_word' id='word_1_62' title='bbox 385 808 427 864; x_wconf 92' lang='lat' dir='ltr'><strong>uei</strong></span> <span class='ocrx_word' id='word_1_63' title='bbox 450 824 483 863; x_wconf 90' lang='lat' dir='ltr'><strong>an</strong></span> <span class='ocrx_word' id='word_1_64' title='bbox 503 807 604 864; x_wconf 87' lang='lat' dir='ltr'><strong>iactum</strong></span> <span class='ocrx_word' id='word_1_65' title='bbox 625 823 680 862; x_wconf 91' lang='lat' dir='ltr'><strong>non</strong></span> <span class='ocrx_word' id='word_1_66' title='bbox 695 809 740 874; x_wconf 82' lang='lat' dir='ltr'><strong>sit,</strong></span> <span class='ocrx_word' id='word_1_67' title='bbox 765 807 839 880; x_wconf 86' lang='lat' dir='ltr'><strong>qnod</strong></span> <span class='ocrx_word' id='word_1_68' title='bbox 855 808 877 862; x_wconf 92' lang='lat' dir='ltr'><strong>is</strong></span> <span class='ocrx_word' id='word_1_69' title='bbox 894 803 952 862; x_wconf 86' lang='lat' dir='ltr'><strong>fieri</strong></span> <span class='ocrx_word' id='word_1_70' title='bbox 968 808 1090 862; x_wconf 90' lang='lat' dir='ltr'><strong>iusserit.</strong></span> <span class='ocrx_word' id='word_1_71' title='bbox 1130 818 1156 864; x_wconf 93' lang='lat' dir='ltr'><strong>et</strong></span> 
     </span>
     <span class='ocr_line' id='line_1_9' title="bbox 194 891 1156 966; baseline 0 -20"><span class='ocrx_word' id='word_1_72' title='bbox 194 892 276 947; x_wconf 87' lang='lat' dir='ltr'><strong>medo</strong></span> <span class='ocrx_word' id='word_1_73' title='bbox 291 903 454 966; x_wconf 74' lang='lat' dir='ltr'><strong>cum&#39;poena</strong></span> <span class='ocrx_word' id='word_1_74' title='bbox 469 893 569 965; x_wconf 79' lang='lat' dir='ltr'><strong>agitur,</strong></span> <span class='ocrx_word' id='word_1_75' title='bbox 587 891 667 947; x_wconf 91' lang='lat' dir='ltr'><strong>modo</strong></span> <span class='ocrx_word' id='word_1_76' title='bbox 683 891 742 946; x_wconf 87' lang='lat' dir='ltr'><strong>sine</strong></span> <span class='ocrx_word' id='word_1_77' title='bbox 758 904 860 964; x_wconf 89' lang='lat' dir='ltr'><strong>poena:</strong></span> <span class='ocrx_word' id='word_1_78' title='bbox 883 897 943 946; x_wconf 84' lang='lat' dir='ltr'><strong>cunr</strong></span> <span class='ocrx_word' id='word_1_79' title='bbox 959 907 1064 965; x_wconf 87' lang='lat' dir='ltr'><strong>poena,</strong></span> <span class='ocrx_word' id='word_1_80' title='bbox 1080 891 1156 947; x_wconf 89' lang='lat' dir='ltr'><strong>uelut</strong></span> 
     </span>
     <span class='ocr_line' id='line_1_10' title="bbox 192 975 1156 1050; baseline -0.003 -17"><span class='ocrx_word' id='word_1_81' title='bbox 192 992 254 1033; x_wconf 89' lang='lat' dir='ltr'><strong>curn</strong></span> <span class='ocrx_word' id='word_1_82' title='bbox 277 991 327 1050; x_wconf 92' lang='lat' dir='ltr'><strong>per</strong></span> <span class='ocrx_word' id='word_1_83' title='bbox 349 977 524 1049; x_wconf 80' lang='lat' dir='ltr'><strong>sponsionem</strong></span> <span class='ocrx_word' id='word_1_84' title='bbox 546 980 652 1050; x_wconf 81' lang='lat' dir='ltr'><strong>agitur,</strong></span> <span class='ocrx_word' id='word_1_85' title='bbox 675 977 733 1031; x_wconf 91' lang='lat' dir='ltr'><strong>sine</strong></span> <span class='ocrx_word' id='word_1_86' title='bbox 756 991 856 1048; x_wconf 84' lang='lat' dir='ltr'><strong>poena,</strong></span> <span class='ocrx_word' id='word_1_87' title='bbox 880 975 958 1030; x_wconf 89' lang='lat' dir='ltr'><strong>uelut</strong></span> <span class='ocrx_word' id='word_1_88' title='bbox 978 991 1042 1030; x_wconf 91' lang='lat' dir='ltr'><strong>cum</strong></span> <span class='ocrx_word' id='word_1_89' title='bbox 1056 976 1156 1032; x_wconf 76' lang='lat' dir='ltr'><strong>arbiter</strong></span> 
     </span>
     <span class='ocr_line' id='line_1_11' title="bbox 193 1058 1158 1134; baseline 0 -20"><span class='ocrx_word' id='word_1_90' title='bbox 193 1061 312 1134; x_wconf 65' lang='lat' dir='ltr'><strong>petitum</strong></span> <span class='ocrx_word' id='word_1_91' title='bbox 338 1059 499 1133; x_wconf 84' lang='lat' dir='ltr'><strong>etquidem</strong></span> <span class='ocrx_word' id='word_1_92' title='bbox 525 1075 557 1114; x_wconf 81' lang='lat' dir='ltr'><strong>ex</strong></span> <span class='ocrx_word' id='word_1_93' title='bbox 584 1058 771 1134; x_wconf 88' lang='lat' dir='ltr'><strong>prohibitoriis</strong></span> <span class='ocrx_word' id='word_1_94' title='bbox 797 1059 947 1114; x_wconf 77' lang='lat' dir='ltr'><strong>interdictis</strong></span> <span class='ocrx_word' id='word_1_95' title='bbox 973 1075 1084 1132; x_wconf 88' lang='lat' dir='ltr'><strong>semper</strong></span> <span class='ocrx_word' id='word_1_96' title='bbox 1109 1077 1158 1133; x_wconf 90' lang='lat' dir='ltr'><strong>per</strong></span> 
     </span>
     <span class='ocr_line' id='line_1_12' title="bbox 194 1133 1157 1218; baseline 0.002 -20"><span class='ocrx_word' id='word_1_97' title='bbox 194 1144 369 1216; x_wconf 87' lang='lat' dir='ltr'><strong>sponsionem</strong></span> <span class='ocrx_word' id='word_1_98' title='bbox 389 1145 433 1218; x_wconf 83' lang='lat' dir='ltr'><strong>agi</strong></span> <span class='ocrx_word' id='word_1_99' title='bbox 455 1143 542 1214; x_wconf 89' lang='lat' dir='ltr'><strong>solet,</strong></span> <span class='ocrx_word' id='word_1_100' title='bbox 571 1159 601 1199; x_wconf 85' lang='lat' dir='ltr'><strong>er</strong></span> <span class='ocrx_word' id='word_1_101' title='bbox 628 1133 804 1200; x_wconf 79' lang='lat' dir='ltr'><strong>restitutoriis</strong></span> <span class='ocrx_word' id='word_1_102' title='bbox 830 1159 895 1198; x_wconf 89' lang='lat' dir='ltr'><strong>uero</strong></span> <span class='ocrx_word' id='word_1_103' title='bbox 920 1143 964 1198; x_wconf 90' lang='lat' dir='ltr'><strong>uei</strong></span> <span class='ocrx_word' id='word_1_104' title='bbox 987 1143 1157 1200; x_wconf 84' lang='lat' dir='ltr'><strong>exiribitoriis</strong></span> 
     </span>
     <span class='ocr_line' id='line_1_13' title="bbox 193 1227 1157 1302; baseline 0.002 -20"><span class='ocrx_word' id='word_1_105' title='bbox 193 1227 275 1283; x_wconf 91' lang='lat' dir='ltr'><strong>modo</strong></span> <span class='ocrx_word' id='word_1_106' title='bbox 299 1243 348 1301; x_wconf 91' lang='lat' dir='ltr'><strong>per</strong></span> <span class='ocrx_word' id='word_1_107' title='bbox 363 1229 647 1302; x_wconf 89' lang='lat' dir='ltr'><strong>sponsionem,-modo</strong></span> <span class='ocrx_word' id='word_1_108' title='bbox 662 1245 712 1301; x_wconf 90' lang='lat' dir='ltr'><strong>per</strong></span> <span class='ocrx_word' id='word_1_109' title='bbox 726 1227 869 1282; x_wconf 80' lang='lat' dir='ltr'><strong>formulam</strong></span> <span class='ocrx_word' id='word_1_110' title='bbox 884 1229 986 1301; x_wconf 81' lang='lat' dir='ltr'><strong>agitur,</strong></span> <span class='ocrx_word' id='word_1_111' title='bbox 1003 1244 1073 1300; x_wconf 91' lang='lat' dir='ltr'><strong>quae</strong></span> <span class='ocrx_word' id='word_1_112' title='bbox 1089 1229 1157 1284; x_wconf 87' lang='lat' dir='ltr'><strong>arbi·</strong></span> 
     </span>
     <span class='ocr_line' id='line_1_14' title="bbox 193 1313 521 1375; baseline 0.003 -7"><span class='ocrx_word' id='word_1_113' title='bbox 193 1313 274 1368; x_wconf 90' lang='lat' dir='ltr'><strong>traria</strong></span> <span class='ocrx_word' id='word_1_114' title='bbox 291 1323 412 1368; x_wconf 88' lang='lat' dir='ltr'><strong>uocatur.</strong></span> <span class='ocrx_word' id='word_1_115' title='bbox 517 1369 521 1375; x_wconf 86' lang='grc'><strong><em>,</em></strong></span> 
     </span>
    </p>

    <p class='ocr_par' dir='ltr' id='par_1_4' title="bbox 190 1392 1226 2058">
     <span class='ocr_line' id='line_1_15' title="bbox 255 1392 1155 1470; baseline 0 -18"><span class='ocrx_word' id='word_1_116' title='bbox 255 1392 319 1452; x_wconf 76' lang='lat'><strong>142.</strong></span> <span class='ocrx_word' id='word_1_117' title='bbox 343 1395 502 1470; x_wconf 82' lang='lat' dir='ltr'><strong>Principalis</strong></span> <span class='ocrx_word' id='word_1_118' title='bbox 517 1395 603 1470; x_wconf 79' lang='lat' dir='ltr'><strong>igitur</strong></span> <span class='ocrx_word' id='word_1_119' title='bbox 617 1396 715 1454; x_wconf 88' lang='lat' dir='ltr'><strong>diuisio</strong></span> <span class='ocrx_word' id='word_1_120' title='bbox 731 1396 759 1451; x_wconf 92' lang='lat' dir='ltr'><strong>in</strong></span> <span class='ocrx_word' id='word_1_121' title='bbox 774 1411 807 1452; x_wconf 92' lang='lat' dir='ltr'><strong>eo</strong></span> <span class='ocrx_word' id='word_1_122' title='bbox 819 1403 872 1468; x_wconf 91' lang='lat' dir='ltr'><strong>est,</strong></span> <span class='ocrx_word' id='word_1_123' title='bbox 885 1395 959 1468; x_wconf 91' lang='lat' dir='ltr'><strong>quod</strong></span> <span class='ocrx_word' id='word_1_124' title='bbox 970 1404 1018 1451; x_wconf 87' lang='lat' dir='ltr'><strong>aut</strong></span> <span class='ocrx_word' id='word_1_125' title='bbox 1030 1396 1155 1470; x_wconf 90' lang='lat' dir='ltr'><strong>prohibi·</strong></span> 
     </span>
     <span class='ocr_line' id='line_1_16' title="bbox 193 1476 1226 1562; baseline 0.004 -28"><span class='ocrx_word' id='word_1_126' title='bbox 193 1476 261 1535; x_wconf 87' lang='lat' dir='ltr'><strong>toria</strong></span> <span class='ocrx_word' id='word_1_127' title='bbox 281 1490 346 1536; x_wconf 90' lang='lat' dir='ltr'><strong>suut</strong></span> <span class='ocrx_word' id='word_1_128' title='bbox 366 1480 510 1536; x_wconf 90' lang='lat' dir='ltr'><strong>interdicta</strong></span> <span class='ocrx_word' id='word_1_129' title='bbox 538 1489 584 1535; x_wconf 89' lang='lat' dir='ltr'><strong>aut</strong></span> <span class='ocrx_word' id='word_1_130' title='bbox 610 1481 780 1536; x_wconf 90' lang='lat' dir='ltr'><strong>restitutoria</strong></span> <span class='ocrx_word' id='word_1_131' title='bbox 805 1489 851 1535; x_wconf 92' lang='lat' dir='ltr'><strong>aut</strong></span> <span class='ocrx_word' id='word_1_132' title='bbox 873 1478 1044 1535; x_wconf 83' lang='lat' dir='ltr'><strong>exhibitoria.</strong></span> <span class='ocrx_word' id='word_1_133' title='bbox 1090 1478 1156 1539; x_wconf 79' lang='lat'>148.</span> <span class='ocrx_word' id='word_1_134' title='bbox 1225 1551 1226 1562; x_wconf 10' lang='grc' dir='ltr'>ἵ</span> 
     </span>
     <span class='ocr_line' id='line_1_17' title="bbox 191 1563 1154 1638; baseline 0.002 -20"><span class='ocrx_word' id='word_1_135' title='bbox 191 1564 314 1637; x_wconf 86' lang='lat' dir='ltr'><strong>Sequens</strong></span> <span class='ocrx_word' id='word_1_136' title='bbox 329 1565 357 1620; x_wconf 94' lang='lat' dir='ltr'><strong>iu</strong></span> <span class='ocrx_word' id='word_1_137' title='bbox 372 1579 404 1622; x_wconf 88' lang='lat' dir='ltr'><strong>eo</strong></span> <span class='ocrx_word' id='word_1_138' title='bbox 420 1572 463 1620; x_wconf 89' lang='lat' dir='ltr'><strong>est</strong></span> <span class='ocrx_word' id='word_1_139' title='bbox 477 1565 590 1634; x_wconf 91' lang='lat' dir='ltr'><strong>diuisio,</strong></span> <span class='ocrx_word' id='word_1_140' title='bbox 614 1563 687 1637; x_wconf 89' lang='lat' dir='ltr'><strong>quod</strong></span> <span class='ocrx_word' id='word_1_141' title='bbox 706 1565 751 1626; x_wconf 87' lang='lat' dir='ltr'><strong>uei</strong></span> <span class='ocrx_word' id='word_1_142' title='bbox 767 1563 954 1637; x_wconf 82' lang='lat' dir='ltr'><strong>adipiscendae</strong></span> <span class='ocrx_word' id='word_1_143' title='bbox 970 1567 1154 1638; x_wconf 81' lang='lat' dir='ltr'><strong>possessionis</strong></span> 
     </span>
     <span class='ocr_line' id='line_1_18' title="bbox 191 1645 1153 1722; baseline 0.002 -18"><span class='ocrx_word' id='word_1_144' title='bbox 191 1663 271 1704; x_wconf 89' lang='lat' dir='ltr'><strong>causa</strong></span> <span class='ocrx_word' id='word_1_145' title='bbox 286 1658 430 1722; x_wconf 87' lang='lat' dir='ltr'><strong>conparata</strong></span> <span class='ocrx_word' id='word_1_146' title='bbox 451 1657 516 1704; x_wconf 89' lang='lat' dir='ltr'><strong>sunt</strong></span> <span class='ocrx_word' id='word_1_147' title='bbox 536 1649 579 1704; x_wconf 92' lang='lat' dir='ltr'><strong>uei</strong></span> <span class='ocrx_word' id='word_1_148' title='bbox 601 1648 758 1705; x_wconf 81' lang='lat' dir='ltr'><strong>retinendae</strong></span> <span class='ocrx_word' id='word_1_149' title='bbox 781 1649 825 1704; x_wconf 93' lang='lat' dir='ltr'><strong>uei</strong></span> <span class='ocrx_word' id='word_1_150' title='bbox 840 1648 1040 1720; x_wconf 85' lang='lat' dir='ltr'><strong>reciperandae.</strong></span> <span class='ocrx_word' id='word_1_151' title='bbox 1087 1645 1153 1706; x_wconf 90' lang='lat'>144.</span> 
     </span>
     <span class='ocr_line' id='line_1_19' title="bbox 190 1731 1155 1806; baseline 0.002 -20"><span class='ocrx_word' id='word_1_152' title='bbox 190 1731 384 1806; x_wconf 84' lang='lat' dir='ltr'><strong>hdipiscendae</strong></span> <span class='ocrx_word' id='word_1_153' title='bbox 414 1733 595 1806; x_wconf 87' lang='lat' dir='ltr'><strong>possessionis</strong></span> <span class='ocrx_word' id='word_1_154' title='bbox 623 1749 701 1788; x_wconf 89' lang='lat' dir='ltr'><strong>causa</strong></span> <span class='ocrx_word' id='word_1_155' title='bbox 730 1731 903 1788; x_wconf 87' lang='lat' dir='ltr'><strong>interdictum</strong></span> <span class='ocrx_word' id='word_1_156' title='bbox 930 1734 1155 1789; x_wconf 82' lang='lat' dir='ltr'><strong>accommodatur</strong></span> 
     </span>
     <span class='ocr_line' id='line_1_20' title="bbox 190 1814 1155 1890; baseline 0.003 -19"><span class='ocrx_word' id='word_1_157' title='bbox 190 1814 324 1872; x_wconf 89' lang='lat' dir='ltr'><strong>honorum</strong></span> <span class='ocrx_word' id='word_1_158' title='bbox 340 1817 504 1890; x_wconf 89' lang='lat' dir='ltr'><strong>possessori,</strong></span> <span class='ocrx_word' id='word_1_159' title='bbox 521 1817 597 1872; x_wconf 90' lang='lat' dir='ltr'><strong>cuins</strong></span> <span class='ocrx_word' id='word_1_160' title='bbox 613 1817 774 1890; x_wconf 90' lang='lat' dir='ltr'><strong>principium</strong></span> <span class='ocrx_word' id='word_1_161' title='bbox 790 1816 832 1872; x_wconf 86' lang='lat' dir='ltr'><strong>est</strong></span> <span class='ocrx_word' id='word_1_162' title='bbox 844 1831 974 1883; x_wconf 76' lang='lat' dir='ltr'><strong>Qvouvu</strong></span> <span class='ocrx_word' id='word_1_163' title='bbox 987 1833 1155 1880; x_wconf 79' lang='lat' dir='ltr'><strong>nononvu:</strong></span> 
     </span>
     <span class='ocr_line' id='line_1_21' title="bbox 191 1900 1153 1974; baseline 0 -20"><span class='ocrx_word' id='word_1_164' title='bbox 191 1902 304 1974; x_wconf 91' lang='lat' dir='ltr'><strong>eiusque</strong></span> <span class='ocrx_word' id='word_1_165' title='bbox 319 1903 363 1957; x_wconf 91' lang='lat' dir='ltr'><strong>nis</strong></span> <span class='ocrx_word' id='word_1_166' title='bbox 377 1909 404 1956; x_wconf 90' lang='lat' dir='ltr'><strong>et</strong></span> <span class='ocrx_word' id='word_1_167' title='bbox 419 1908 541 1974; x_wconf 87' lang='lat' dir='ltr'><strong>potestas</strong></span> <span class='ocrx_word' id='word_1_168' title='bbox 556 1900 622 1956; x_wconf 90' lang='lat' dir='ltr'><strong>haec</strong></span> <span class='ocrx_word' id='word_1_169' title='bbox 637 1908 688 1970; x_wconf 91' lang='lat' dir='ltr'><strong>est,</strong></span> <span class='ocrx_word' id='word_1_170' title='bbox 705 1909 736 1957; x_wconf 89' lang='lat' dir='ltr'><strong>ut</strong></span> <span class='ocrx_word' id='word_1_171' title='bbox 751 1900 825 1974; x_wconf 92' lang='lat' dir='ltr'><strong>quod</strong></span> <span class='ocrx_word' id='word_1_172' title='bbox 836 1902 951 1974; x_wconf 90' lang='lat' dir='ltr'><strong>quisque</strong></span> <span class='ocrx_word' id='word_1_173' title='bbox 963 1916 996 1956; x_wconf 81' lang='lat' dir='ltr'><strong>ex</strong></span> <span class='ocrx_word' id='word_1_174' title='bbox 1007 1901 1052 1956; x_wconf 90' lang='lat' dir='ltr'><strong>his</strong></span> <span class='ocrx_word' id='word_1_175' title='bbox 1065 1900 1153 1972; x_wconf 83' lang='lat' dir='ltr'><strong>honis,</strong></span> 
     </span>
     <span class='ocr_line' id='line_1_22' title="bbox 191 1984 1154 2058; baseline 0.001 -18"><span class='ocrx_word' id='word_1_176' title='bbox 191 2000 307 2057; x_wconf 90' lang='lat' dir='ltr'><strong>quorum</strong></span> <span class='ocrx_word' id='word_1_177' title='bbox 323 1987 461 2058; x_wconf 90' lang='lat' dir='ltr'><strong>possessio</strong></span> <span class='ocrx_word' id='word_1_178' title='bbox 476 1985 556 2041; x_wconf 90' lang='lat' dir='ltr'><strong>alicui</strong></span> <span class='ocrx_word' id='word_1_179' title='bbox 572 1984 633 2040; x_wconf 90' lang='lat' dir='ltr'><strong>data</strong></span> <span class='ocrx_word' id='word_1_180' title='bbox 649 1993 706 2056; x_wconf 84' lang='lat' dir='ltr'><strong>est,</strong></span> <span class='ocrx_word' id='word_1_181' title='bbox 727 2001 777 2058; x_wconf 90' lang='lat' dir='ltr'><strong>pro</strong></span> <span class='ocrx_word' id='word_1_182' title='bbox 800 1984 898 2040; x_wconf 86' lang='lat' dir='ltr'><strong>herede</strong></span> <span class='ocrx_word' id='word_1_183' title='bbox 913 1993 960 2040; x_wconf 89' lang='lat' dir='ltr'><strong>aut</strong></span> <span class='ocrx_word' id='word_1_184' title='bbox 974 2001 1026 2058; x_wconf 93' lang='lat' dir='ltr'><strong>pro</strong></span> <span class='ocrx_word' id='word_1_185' title='bbox 1044 2002 1154 2058; x_wconf 90' lang='lat' dir='ltr'><strong>posses-</strong></span> 
     </span>
    </p>
   </div>
   <div class='ocr_carea' id='block_1_3' title="bbox 118 2063 1155 2477">
    <p class='ocr_par' dir='ltr' id='par_1_5' title="bbox 118 2063 1155 2477">
     <span class='ocr_line' id='line_1_23' title="bbox 118 2063 1155 2146; baseline -0.002 -20"><span class='ocrx_word' id='word_1_186' title='bbox 118 2069 255 2126; x_wconf 72' lang='lat' dir='ltr'><strong>ransom</strong></span> <span class='ocrx_word' id='word_1_187' title='bbox 281 2066 447 2142; x_wconf 75' lang='lat' dir='ltr'><strong>&#39;iposaidet‚</strong></span> <span class='ocrx_word' id='word_1_188' title='bbox 473 2071 575 2125; x_wconf 79' lang='lat' dir='ltr'><strong>dolone</strong></span> <span class='ocrx_word' id='word_1_189' title='bbox 594 2068 683 2140; x_wconf 80' lang='lat' dir='ltr'><strong>fecit,</strong></span> <span class='ocrx_word' id='word_1_190' title='bbox 708 2063 887 2142; x_wconf 83' lang='lat' dir='ltr'><strong>quomiaaa)¹</strong></span> <span class='ocrx_word' id='word_1_191' title='bbox 905 2063 912 2146; x_wconf 86' lang='grc' dir='ltr'>Ι</span> <span class='ocrx_word' id='word_1_192' title='bbox 932 2068 1105 2142; x_wconf 85' lang='lat' dir='ltr'><strong>possideret,</strong></span> <span class='ocrx_word' id='word_1_193' title='bbox 1127 2070 1155 2125; x_wconf 89' lang='lat' dir='ltr'><strong>id</strong></span> 
     </span>
     <span class='ocr_line' id='line_1_24' title="bbox 190 2151 1153 2226; baseline 0 -18"><span class='ocrx_word' id='word_1_194' title='bbox 190 2151 226 2222; x_wconf 86' lang='lat' dir='ltr'><strong>ei,</strong></span> <span class='ocrx_word' id='word_1_195' title='bbox 249 2153 292 2208; x_wconf 92' lang='lat' dir='ltr'><strong>cui</strong></span> <span class='ocrx_word' id='word_1_196' title='bbox 315 2151 449 2208; x_wconf 90' lang='lat' dir='ltr'><strong>honorum</strong></span> <span class='ocrx_word' id='word_1_197' title='bbox 464 2153 603 2226; x_wconf 90' lang='lat' dir='ltr'><strong>possessio</strong></span> <span class='ocrx_word' id='word_1_198' title='bbox 619 2153 680 2208; x_wconf 87' lang='lat' dir='ltr'><strong>data</strong></span> <span class='ocrx_word' id='word_1_199' title='bbox 696 2161 754 2224; x_wconf 88' lang='lat' dir='ltr'><strong>est,</strong></span> <span class='ocrx_word' id='word_1_200' title='bbox 778 2154 954 2208; x_wconf 88' lang='lat' dir='ltr'><strong>restituatur:</strong></span> <span class='ocrx_word' id='word_1_201' title='bbox 976 2170 1027 2226; x_wconf 91' lang='lat' dir='ltr'><strong>pro</strong></span> <span class='ocrx_word' id='word_1_202' title='bbox 1052 2155 1153 2210; x_wconf 87' lang='lat' dir='ltr'><strong>herede</strong></span> 
     </span>
     <span class='ocr_line' id='line_1_25' title="bbox 190 2235 1152 2312; baseline 0 -20"><span class='ocrx_word' id='word_1_203' title='bbox 190 2245 280 2292; x_wconf 89' lang='lat' dir='ltr'><strong>autern</strong></span> <span class='ocrx_word' id='word_1_204' title='bbox 295 2237 434 2310; x_wconf 84' lang='lat' dir='ltr'><strong>possidere</strong></span> <span class='ocrx_word' id='word_1_205' title='bbox 452 2235 560 2293; x_wconf 91' lang='lat' dir='ltr'><strong>uidetur</strong></span> <span class='ocrx_word' id='word_1_206' title='bbox 576 2245 627 2291; x_wconf 89' lang='lat' dir='ltr'><strong>tam</strong></span> <span class='ocrx_word' id='word_1_207' title='bbox 644 2239 684 2308; x_wconf 85' lang='lat' dir='ltr'><strong>is,</strong></span> <span class='ocrx_word' id='word_1_208' title='bbox 705 2239 751 2310; x_wconf 90' lang='lat' dir='ltr'><strong>qui</strong></span> <span class='ocrx_word' id='word_1_209' title='bbox 768 2237 846 2293; x_wconf 86' lang='lat' dir='ltr'><strong>heres</strong></span> <span class='ocrx_word' id='word_1_210' title='bbox 862 2246 920 2310; x_wconf 71' lang='lat' dir='ltr'><strong>est,</strong></span> <span class='ocrx_word' id='word_1_211' title='bbox 936 2254 1017 2310; x_wconf 90' lang='lat' dir='ltr'><strong>quam</strong></span> <span class='ocrx_word' id='word_1_212' title='bbox 1041 2239 1081 2308; x_wconf 88' lang='lat' dir='ltr'><strong>is,</strong></span> <span class='ocrx_word' id='word_1_213' title='bbox 1107 2241 1152 2312; x_wconf 91' lang='lat' dir='ltr'><strong>qui</strong></span> 
     </span>
     <span class='ocr_line' id='line_1_26' title="bbox 189 2321 1154 2395; baseline 0.003 -20"><span class='ocrx_word' id='word_1_214' title='bbox 189 2328 267 2393; x_wconf 88' lang='lat' dir='ltr'><strong>putat</strong></span> <span class='ocrx_word' id='word_1_215' title='bbox 282 2337 311 2376; x_wconf 91' lang='lat' dir='ltr'><strong>se</strong></span> <span class='ocrx_word' id='word_1_216' title='bbox 327 2321 453 2378; x_wconf 89' lang='lat' dir='ltr'><strong>heredem</strong></span> <span class='ocrx_word' id='word_1_217' title='bbox 469 2337 544 2388; x_wconf 80' lang='lat' dir='ltr'><strong>esse3</strong></span> <span class='ocrx_word' id='word_1_218' title='bbox 565 2337 615 2394; x_wconf 86' lang='lat' dir='ltr'><strong>pro</strong></span> <span class='ocrx_word' id='word_1_219' title='bbox 637 2337 797 2394; x_wconf 86' lang='lat' dir='ltr'><strong>possessore</strong></span> <span class='ocrx_word' id='word_1_220' title='bbox 816 2322 840 2376; x_wconf 91' lang='lat' dir='ltr'><strong>is</strong></span> <span class='ocrx_word' id='word_1_221' title='bbox 861 2321 1000 2394; x_wconf 81' lang='lat' dir='ltr'><strong>possidet,</strong></span> <span class='ocrx_word' id='word_1_222' title='bbox 1023 2324 1071 2395; x_wconf 92' lang='lat' dir='ltr'><strong>qui</strong></span> <span class='ocrx_word' id='word_1_223' title='bbox 1094 2325 1154 2378; x_wconf 89' lang='lat' dir='ltr'><strong>sine</strong></span> 
     </span>
     <span class='ocr_line' id='line_1_27' title="bbox 190 2398 1151 2477; baseline 0.002 -17"><span class='ocrx_word' id='word_1_224' title='bbox 190 2421 267 2460; x_wconf 89' lang='lat' dir='ltr'><strong>cansa</strong></span> <span class='ocrx_word' id='word_1_225' title='bbox 283 2405 399 2477; x_wconf 90' lang='lat' dir='ltr'><strong>aliquam</strong></span> <span class='ocrx_word' id='word_1_226' title='bbox 414 2421 472 2460; x_wconf 89' lang='lat' dir='ltr'><strong>rem</strong></span> <span class='ocrx_word' id='word_1_227' title='bbox 487 2405 675 2460; x_wconf 88' lang='lat' dir='ltr'><strong>hereditariam</strong></span> <span class='ocrx_word' id='word_1_228' title='bbox 698 2398 741 2460; x_wconf 81' lang='lat' dir='ltr'><strong>trel</strong></span> <span class='ocrx_word' id='word_1_229' title='bbox 761 2407 842 2461; x_wconf 85' lang='lat' dir='ltr'><strong>etiarn</strong></span> <span class='ocrx_word' id='word_1_230' title='bbox 865 2414 948 2460; x_wconf 88' lang='lat' dir='ltr'><strong>totam</strong></span> <span class='ocrx_word' id='word_1_231' title='bbox 971 2406 1151 2462; x_wconf 84' lang='lat' dir='ltr'><strong>hereditatem</strong></span> 
     </span>
    </p>
   </div>
   <div class='ocr_carea' id='block_1_4' title="bbox 188 2569 1226 3132">
    <p class='ocr_par' dir='ltr' id='par_1_6' title="bbox 188 2569 1226 3132">
     <span class='ocr_line' id='line_1_28' title="bbox 262 2569 1149 2640; baseline 0.002 -19"><span class='ocrx_word' id='word_1_232' title='bbox 262 2569 283 2637; x_wconf 90' lang='lat'><strong>¹)</strong></span> <span class='ocrx_word' id='word_1_233' title='bbox 296 2571 422 2636; x_wconf 83' lang='lat' dir='ltr'><strong>Suppieoi</strong></span> <span class='ocrx_word' id='word_1_234' title='bbox 435 2589 470 2624; x_wconf 82' lang='lat' dir='ltr'><strong>em</strong></span> <span class='ocrx_word' id='word_1_235' title='bbox 484 2573 509 2622; x_wconf 88' lang='lat' dir='ltr'><em>L</em></span> <span class='ocrx_word' id='word_1_236' title='bbox 523 2585 535 2624; x_wconf 90' lang='lat'>1</span> <span class='ocrx_word' id='word_1_237' title='bbox 545 2589 590 2638; x_wconf 84' lang='lat' dir='ltr'><strong>pr.</strong></span> <span class='ocrx_word' id='word_1_238' title='bbox 606 2574 638 2624; x_wconf 86' lang='lat' dir='ltr'><strong>D.</strong></span> <span class='ocrx_word' id='word_1_239' title='bbox 650 2589 723 2638; x_wconf 85' lang='lat' dir='ltr'><strong>quor.</strong></span> <span class='ocrx_word' id='word_1_240' title='bbox 734 2573 791 2624; x_wconf 88' lang='lat' dir='ltr'><strong>bon.</strong></span> <span class='ocrx_word' id='word_1_241' title='bbox 807 2573 851 2640; x_wconf 79' lang='lat' dir='ltr'><strong>(is,</strong></span> <span class='ocrx_word' id='word_1_242' title='bbox 867 2571 898 2639; x_wconf 78' lang='lat' dir='ltr'><strong>i),</strong></span> <span class='ocrx_word' id='word_1_243' title='bbox 914 2581 942 2623; x_wconf 82' lang='lat' dir='ltr'><strong>at</strong></span> <span class='ocrx_word' id='word_1_244' title='bbox 955 2580 1027 2624; x_wconf 86' lang='lat' dir='ltr'><strong>reete</strong></span> <span class='ocrx_word' id='word_1_245' title='bbox 1041 2574 1149 2624; x_wconf 84' lang='lat' dir='ltr'><strong>haberet</strong></span> 
     </span>
     <span class='ocr_line' id='line_1_29' title="bbox 188 2643 1152 2707; baseline 0.001 -16"><span class='ocrx_word' id='word_1_246' title='bbox 188 2643 331 2706; x_wconf 89' lang='lat' dir='ltr'><strong>possideret.</strong></span> <span class='ocrx_word' id='word_1_247' title='bbox 359 2643 413 2694; x_wconf 76' lang='lat' dir='ltr'><strong>Sea</strong></span> <span class='ocrx_word' id='word_1_248' title='bbox 425 2651 509 2694; x_wconf 86' lang='lat' dir='ltr'><strong>tamea</strong></span> <span class='ocrx_word' id='word_1_249' title='bbox 523 2647 600 2694; x_wconf 87' lang='lat' dir='ltr'><strong>etiam</strong></span> <span class='ocrx_word' id='word_1_250' title='bbox 615 2660 646 2694; x_wconf 89' lang='lat' dir='ltr'><strong>ea</strong></span> <span class='ocrx_word' id='word_1_251' title='bbox 660 2646 692 2694; x_wconf 88' lang='lat' dir='ltr'><strong>de</strong></span> <span class='ocrx_word' id='word_1_252' title='bbox 702 2657 783 2694; x_wconf 82' lang='lat' dir='ltr'><strong>causa</strong></span> <span class='ocrx_word' id='word_1_253' title='bbox 793 2659 844 2694; x_wconf 85' lang='lat' dir='ltr'><strong>noa</strong></span> <span class='ocrx_word' id='word_1_254' title='bbox 855 2650 909 2694; x_wconf 87' lang='lat' dir='ltr'><strong>toto</strong></span> <span class='ocrx_word' id='word_1_255' title='bbox 919 2645 966 2693; x_wconf 89' lang='lat' dir='ltr'><strong>iiia</strong></span> <span class='ocrx_word' id='word_1_256' title='bbox 976 2646 1062 2707; x_wconf 85' lang='lat' dir='ltr'><strong>ipsius</strong></span> <span class='ocrx_word' id='word_1_257' title='bbox 1071 2645 1152 2696; x_wconf 86' lang='lat' dir='ltr'><strong>edicti</strong></span> 
     </span>
     <span class='ocr_line' id='line_1_30' title="bbox 188 2713 1148 2781; baseline 0.001 -18"><span class='ocrx_word' id='word_1_258' title='bbox 188 2713 266 2764; x_wconf 82' lang='lat' dir='ltr'><strong>uerba</strong></span> <span class='ocrx_word' id='word_1_259' title='bbox 275 2715 452 2764; x_wconf 84' lang='lat' dir='ltr'><strong>transcribere</strong></span> <span class='ocrx_word' id='word_1_260' title='bbox 462 2717 532 2765; x_wconf 86' lang='lat' dir='ltr'><strong>ooini</strong></span> <span class='ocrx_word' id='word_1_261' title='bbox 541 2713 621 2781; x_wconf 86' lang='lat' dir='ltr'><strong>(qaod</strong></span> <span class='ocrx_word' id='word_1_262' title='bbox 635 2731 703 2765; x_wconf 84' lang='lat' dir='ltr'><strong>nunc</strong></span> <span class='ocrx_word' id='word_1_263' title='bbox 715 2716 782 2778; x_wconf 79' lang='lat' dir='ltr'><strong>fecit</strong></span> <span class='ocrx_word' id='word_1_264' title='bbox 791 2715 840 2780; x_wconf 75' lang='lat'><strong>139.</strong></span> <span class='ocrx_word' id='word_1_265' title='bbox 847 2716 886 2778; x_wconf 83' lang='lat' dir='ltr'><strong>ed.</strong></span> <span class='ocrx_word' id='word_1_266' title='bbox 893 2713 916 2780; x_wconf 78' lang='lat'><strong>5)</strong></span> <span class='ocrx_word' id='word_1_267' title='bbox 927 2717 988 2778; x_wconf 86' lang='lat' dir='ltr'><strong>qaia</strong></span> <span class='ocrx_word' id='word_1_268' title='bbox 1001 2723 1077 2764; x_wconf 80' lang='lat' dir='ltr'><strong>tanta</strong></span> <span class='ocrx_word' id='word_1_269' title='bbox 1091 2716 1148 2765; x_wconf 86' lang='lat' dir='ltr'><strong>sab-</strong></span> 
     </span>
     <span class='ocr_line' id='line_1_31' title="bbox 188 2783 1152 2845; baseline 0.002 -13"><span class='ocrx_word' id='word_1_270' title='bbox 188 2783 491 2840; x_wconf 84' lang='lat' dir='ltr'><strong>tilitasIastitationibos</strong></span> <span class='ocrx_word' id='word_1_271' title='bbox 505 2801 555 2836; x_wconf 86' lang='lat' dir='ltr'><strong>aon</strong></span> <span class='ocrx_word' id='word_1_272' title='bbox 570 2787 696 2845; x_wconf 84' lang='lat' dir='ltr'><strong>conaeait,</strong></span> <span class='ocrx_word' id='word_1_273' title='bbox 711 2793 736 2835; x_wconf 91' lang='lat' dir='ltr'><strong>et</strong></span> <span class='ocrx_word' id='word_1_274' title='bbox 748 2787 829 2836; x_wconf 85' lang='lat' dir='ltr'><strong>Gaios</strong></span> <span class='ocrx_word' id='word_1_275' title='bbox 842 2794 894 2834; x_wconf 86' lang='lat' dir='ltr'><strong>tum</strong></span> <span class='ocrx_word' id='word_1_276' title='bbox 904 2793 992 2835; x_wconf 88' lang='lat' dir='ltr'><strong>cetera</strong></span> <span class='ocrx_word' id='word_1_277' title='bbox 1001 2785 1152 2836; x_wconf 76' lang='lat' dir='ltr'><strong>huiusmodi</strong></span> 
     </span>
     <span class='ocr_line' id='line_1_32' title="bbox 189 2855 1226 2920; baseline 0.003 -18"><span class='ocrx_word' id='word_1_278' title='bbox 189 2855 330 2904; x_wconf 85' lang='lat' dir='ltr'><strong>interdieta</strong></span> <span class='ocrx_word' id='word_1_279' title='bbox 345 2871 396 2905; x_wconf 85' lang='lat' dir='ltr'><strong>mora</strong></span> <span class='ocrx_word' id='word_1_280' title='bbox 410 2858 563 2920; x_wconf 84' lang='lat' dir='ltr'><strong>simpliciter</strong></span> <span class='ocrx_word' id='word_1_281' title='bbox 576 2859 672 2906; x_wconf 83' lang='lat' dir='ltr'><strong>similia</strong></span> <span class='ocrx_word' id='word_1_282' title='bbox 686 2857 774 2906; x_wconf 84' lang='lat' dir='ltr'><strong>dicere</strong></span> <span class='ocrx_word' id='word_1_283' title='bbox 784 2859 920 2920; x_wconf 73' lang='lat' dir='ltr'><strong>potuisset.</strong></span> <span class='ocrx_word' id='word_1_284' title='bbox 944 2855 1033 2906; x_wconf 82' lang='lat' dir='ltr'><strong>Simile</strong></span> <span class='ocrx_word' id='word_1_285' title='bbox 1048 2859 1149 2906; x_wconf 84' lang='lat' dir='ltr'><strong>initium</strong></span> <span class='ocrx_word' id='word_1_286' title='bbox 1225 2865 1226 2896; x_wconf 60' lang='grc' dir='ltr'>ἐ</span> 
     </span>
     <span class='ocr_line' id='line_1_33' title="bbox 190 2921 1226 2991; baseline 0.001 -17"><span class='ocrx_word' id='word_1_287' title='bbox 190 2921 326 2988; x_wconf 83' lang='lat' dir='ltr'><strong>‘possidet&#39;</strong></span> <span class='ocrx_word' id='word_1_288' title='bbox 347 2932 372 2974; x_wconf 90' lang='lat' dir='ltr'><strong>et</strong></span> <span class='ocrx_word' id='word_1_289' title='bbox 392 2923 558 2989; x_wconf 77' lang='lat' dir='ltr'><strong>‘possideret’</strong></span> <span class='ocrx_word' id='word_1_290' title='bbox 580 2929 714 2977; x_wconf 84' lang='lat' dir='ltr'><strong>omittendi</strong></span> <span class='ocrx_word' id='word_1_291' title='bbox 737 2943 841 2977; x_wconf 85' lang='lat' dir='ltr'><strong>eausam</strong></span> <span class='ocrx_word' id='word_1_292' title='bbox 862 2928 947 2991; x_wconf 81' lang='lat' dir='ltr'><strong>faisse</strong></span> <span class='ocrx_word' id='word_1_293' title='bbox 968 2934 993 2976; x_wconf 89' lang='lat' dir='ltr'><strong>et</strong></span> <span class='ocrx_word' id='word_1_294' title='bbox 1011 2927 1149 2977; x_wconf 84' lang='lat' dir='ltr'><strong>librariam</strong></span> <span class='ocrx_word' id='word_1_295' title='bbox 1225 2979 1226 2982; x_wconf 49' lang='lat'>,</span> 
     </span>
     <span class='ocr_line' id='line_1_34' title="bbox 188 2995 1226 3064; baseline 0.003 -20"><span class='ocrx_word' id='word_1_296' title='bbox 188 2995 321 3045; x_wconf 80' lang='lat' dir='ltr'><strong>cortinae</strong></span> <span class='ocrx_word' id='word_1_297' title='bbox 331 3011 447 3046; x_wconf 88' lang='lat' dir='ltr'><strong>errorem</strong></span> <span class='ocrx_word' id='word_1_298' title='bbox 457 2997 611 3056; x_wconf 82' lang='lat' dir='ltr'><strong>admisisset,</strong></span> <span class='ocrx_word' id='word_1_299' title='bbox 625 3006 685 3048; x_wconf 89' lang='lat' dir='ltr'><strong>aate</strong></span> <span class='ocrx_word' id='word_1_300' title='bbox 699 3013 743 3062; x_wconf 91' lang='lat' dir='ltr'><strong>pro</strong></span> <span class='ocrx_word' id='word_1_301' title='bbox 758 2999 846 3048; x_wconf 89' lang='lat' dir='ltr'><strong>herede</strong></span> <span class='ocrx_word' id='word_1_302' title='bbox 856 2997 977 3064; x_wconf 71' lang='lat' dir='ltr'><strong>(sutfecit)</strong></span> <span class='ocrx_word' id='word_1_303' title='bbox 988 2999 1148 3062; x_wconf 79' lang='lat' dir='ltr'><strong>particulam</strong></span> <span class='ocrx_word' id='word_1_304' title='bbox 1225 2997 1226 3028; x_wconf 61' lang='lat' dir='ltr'><strong>i</strong></span> 
     </span>
     <span class='ocr_line' id='line_1_35' title="bbox 188 3067 582 3132; baseline 0.008 -17"><span class='ocrx_word' id='word_1_305' title='bbox 188 3067 208 3115; x_wconf 91' lang='lat' dir='ltr'><strong>si</strong></span> <span class='ocrx_word' id='word_1_306' title='bbox 228 3067 370 3126; x_wconf 86' lang='lat' dir='ltr'><strong>addidisse,</strong></span> <span class='ocrx_word' id='word_1_307' title='bbox 386 3067 492 3132; x_wconf 83' lang='lat' dir='ltr'><strong>quilibet</strong></span> <span class='ocrx_word' id='word_1_308' title='bbox 506 3069 582 3118; x_wconf 82' lang='lat' dir='ltr'><strong>ridet.</strong></span> 
     </span>
    </p>
   </div>
   <div class='ocr_carea' id='block_1_5' title="bbox 188 3173 402 3184">
    <p class='ocr_par' dir='ltr' id='par_1_7' title="bbox 188 3173 402 3184">
     <span class='ocr_line' id='line_1_36' title="bbox 188 3173 402 3184; baseline 0.009 -4"><span class='ocrx_word' id='word_1_309' title='bbox 188 3173 402 3184; x_wconf 55' lang='grc' dir='ltr'>Ἥ</span> 
     </span>
    </p>
   </div>
   <div class='ocr_carea' id='block_1_6' title="bbox 187 3221 1147 3575">
    <p class='ocr_par' dir='ltr' id='par_1_8' title="bbox 187 3221 1147 3507">
     <span class='ocr_line' id='line_1_37' title="bbox 257 3221 1146 3292; baseline 0 -16"><span class='ocrx_word' id='word_1_310' title='bbox 257 3221 283 3292; x_wconf 62' lang='grc' dir='ltr'><strong>ξ.</strong></span> <span class='ocrx_word' id='word_1_311' title='bbox 300 3229 358 3276; x_wconf 87' lang='grc'>141.</span> <span class='ocrx_word' id='word_1_312' title='bbox 381 3227 419 3290; x_wconf 71' lang='lat' dir='ltr'><strong>Of.</strong></span> <span class='ocrx_word' id='word_1_313' title='bbox 429 3228 469 3290; x_wconf 62' lang='grc' dir='ltr'><strong>ἓξ,</strong></span> <span class='ocrx_word' id='word_1_314' title='bbox 480 3239 518 3278; x_wconf 85' lang='lat' dir='ltr'><strong>1se</strong></span> <span class='ocrx_word' id='word_1_315' title='bbox 532 3241 584 3291; x_wconf 80' lang='lat' dir='ltr'><strong>seq.</strong></span> <span class='ocrx_word' id='word_1_316' title='bbox 608 3228 663 3292; x_wconf 82' lang='lat' dir='ltr'><strong>iltp.</strong></span> <span class='ocrx_word' id='word_1_317' title='bbox 678 3229 742 3278; x_wconf 72' lang='grc' dir='ltr'><em>[πει.</em></span> <span class='ocrx_word' id='word_1_318' title='bbox 755 3229 793 3291; x_wconf 75' lang='lat' dir='ltr'><strong>fr.</strong></span> <span class='ocrx_word' id='word_1_319' title='bbox 809 3239 895 3286; x_wconf 76' lang='lat' dir='ltr'><strong>1‚1.a.</strong></span> <span class='ocrx_word' id='word_1_320' title='bbox 921 3227 1026 3288; x_wconf 77' lang='lat' dir='ltr'><strong>Quintil.</strong></span> <span class='ocrx_word' id='word_1_321' title='bbox 1043 3228 1065 3277; x_wconf 94' lang='grc' dir='ltr'><strong>Ι.</strong></span> <span class='ocrx_word' id='word_1_322' title='bbox 1084 3226 1111 3276; x_wconf 92' lang='grc'><strong>0.</strong></span> <span class='ocrx_word' id='word_1_323' title='bbox 1125 3239 1146 3288; x_wconf 79' lang='lat' dir='ltr'><strong>s,</strong></span> 
     </span>
     <span class='ocr_line' id='line_1_38' title="bbox 187 3295 1147 3368; baseline 0.001 -24"><span class='ocrx_word' id='word_1_324' title='bbox 187 3297 646 3360; x_wconf 56' lang='lat' dir='ltr'><strong>satsat.§.e.1a,1o.§.ao.</strong></span> <span class='ocrx_word' id='word_1_325' title='bbox 739 3295 1147 3368; x_wconf 72' lang='lat' dir='ltr'><strong>§.142.=§.1.tntt.1.de</strong></span> 
     </span>
     <span class='ocr_line' id='line_1_39' title="bbox 187 3364 1145 3437; baseline 0.004 -24"><span class='ocrx_word' id='word_1_326' title='bbox 187 3367 281 3414; x_wconf 83' lang='lat' dir='ltr'><strong>interd.</strong></span> <span class='ocrx_word' id='word_1_327' title='bbox 302 3364 333 3430; x_wconf 82' lang='lat'><strong>(4,</strong></span> <span class='ocrx_word' id='word_1_328' title='bbox 349 3365 392 3432; x_wconf 78' lang='lat' dir='ltr'><strong>la).</strong></span> <span class='ocrx_word' id='word_1_329' title='bbox 418 3368 458 3431; x_wconf 80' lang='lat' dir='ltr'><strong>Cf.</strong></span> <span class='ocrx_word' id='word_1_330' title='bbox 473 3369 505 3416; x_wconf 91' lang='lat' dir='ltr'><strong>L.</strong></span> <span class='ocrx_word' id='word_1_331' title='bbox 521 3383 541 3418; x_wconf 86' lang='lat'><strong>1.</strong></span> <span class='ocrx_word' id='word_1_332' title='bbox 556 3371 580 3430; x_wconf 68' lang='grc' dir='ltr'><strong>ς.</strong></span> <span class='ocrx_word' id='word_1_333' title='bbox 595 3381 615 3418; x_wconf 89' lang='lat'><strong>1.</strong></span> <span class='ocrx_word' id='word_1_334' title='bbox 631 3370 663 3418; x_wconf 84' lang='grc' dir='ltr'><strong>Ι).</strong></span> <span class='ocrx_word' id='word_1_335' title='bbox 679 3371 735 3420; x_wconf 87' lang='lat' dir='ltr'><strong>eod.</strong></span> <span class='ocrx_word' id='word_1_336' title='bbox 755 3367 800 3434; x_wconf 80' lang='lat' dir='ltr'><strong>(se,</strong></span> <span class='ocrx_word' id='word_1_337' title='bbox 815 3369 846 3436; x_wconf 86' lang='lat'><strong>1).</strong></span> <span class='ocrx_word' id='word_1_338' title='bbox 919 3365 945 3437; x_wconf 83' lang='lat'><strong>§.</strong></span> <span class='ocrx_word' id='word_1_339' title='bbox 962 3372 1022 3419; x_wconf 78' lang='lat'><strong>143.</strong></span> <span class='ocrx_word' id='word_1_340' title='bbox 1039 3391 1073 3411; x_wconf 87' lang='lat'><strong>--</strong></span> <span class='ocrx_word' id='word_1_341' title='bbox 1088 3371 1110 3430; x_wconf 63' lang='grc' dir='ltr'><strong>ξ.</strong></span> <span class='ocrx_word' id='word_1_342' title='bbox 1124 3380 1145 3418; x_wconf 81' lang='lat' dir='ltr'><strong>a.</strong></span> 
     </span>
     <span class='ocr_line' id='line_1_40' title="bbox 193 3433 1145 3507; baseline 0.004 -24"><span class='ocrx_word' id='word_1_343' title='bbox 193 3433 206 3448; x_wconf 80' lang='grc'>’</span> <span class='ocrx_word' id='word_1_344' title='bbox 219 3435 257 3484; x_wconf 84' lang='lat' dir='ltr'><strong>ib.</strong></span> <span class='ocrx_word' id='word_1_345' title='bbox 279 3435 317 3498; x_wconf 79' lang='lat' dir='ltr'><strong>Of.</strong></span> <span class='ocrx_word' id='word_1_346' title='bbox 332 3437 431 3486; x_wconf 82' lang='lat' dir='ltr'><strong>Ausara.</strong></span> <span class='ocrx_word' id='word_1_347' title='bbox 449 3437 539 3502; x_wconf 74' lang='lat' dir='ltr'><strong>diripit.</strong></span> <span class='ocrx_word' id='word_1_348' title='bbox 559 3451 584 3490; x_wconf 74' lang='lat' dir='ltr'><strong>aa</strong></span> <span class='ocrx_word' id='word_1_349' title='bbox 598 3455 650 3504; x_wconf 87' lang='lat' dir='ltr'><strong>seq.</strong></span> <span class='ocrx_word' id='word_1_350' title='bbox 670 3440 725 3503; x_wconf 84' lang='lat' dir='ltr'><strong>Uip.</strong></span> <span class='ocrx_word' id='word_1_351' title='bbox 741 3441 804 3492; x_wconf 86' lang='lat' dir='ltr'><strong>Iast.</strong></span> <span class='ocrx_word' id='word_1_352' title='bbox 819 3453 841 3498; x_wconf 78' lang='lat'><strong>4,</strong></span> <span class='ocrx_word' id='word_1_353' title='bbox 857 3453 877 3490; x_wconf 88' lang='lat'><strong>1.</strong></span> <span class='ocrx_word' id='word_1_354' title='bbox 928 3436 1024 3507; x_wconf 70' lang='lat'>§.144</span> <span class='ocrx_word' id='word_1_355' title='bbox 1043 3441 1081 3503; x_wconf 77' lang='lat' dir='ltr'><strong>Of.</strong></span> <span class='ocrx_word' id='word_1_356' title='bbox 1092 3441 1114 3501; x_wconf 61' lang='grc' dir='ltr'><strong>ᾖ.</strong></span> <span class='ocrx_word' id='word_1_357' title='bbox 1124 3450 1145 3488; x_wconf 83' lang='lat' dir='ltr'><strong>s.</strong></span> 
     </span>
    </p>

    <p class='ocr_par' dir='ltr' id='par_1_9' title="bbox 224 3504 985 3575">
     <span class='ocr_line' id='line_1_41' title="bbox 224 3504 985 3575; baseline 0.012 -24"><span class='ocrx_word' id='word_1_358' title='bbox 224 3504 252 3552; x_wconf 81' lang='lat' dir='ltr'><strong>b.</strong></span> <span class='ocrx_word' id='word_1_359' title='bbox 263 3519 345 3568; x_wconf 78' lang='lat' dir='ltr'><strong>supra</strong></span> <span class='ocrx_word' id='word_1_360' title='bbox 358 3518 379 3565; x_wconf 86' lang='lat' dir='ltr'><strong>e,</strong></span> <span class='ocrx_word' id='word_1_361' title='bbox 395 3519 429 3558; x_wconf 75' lang='lat' dir='ltr'><strong>aa.</strong></span> <span class='ocrx_word' id='word_1_362' title='bbox 440 3520 461 3566; x_wconf 84' lang='lat' dir='ltr'><strong>s,</strong></span> <span class='ocrx_word' id='word_1_363' title='bbox 472 3521 519 3560; x_wconf 80' lang='lat' dir='ltr'><strong>rte.</strong></span> <span class='ocrx_word' id='word_1_364' title='bbox 530 3509 562 3560; x_wconf 87' lang='lat' dir='ltr'><strong>L.</strong></span> <span class='ocrx_word' id='word_1_365' title='bbox 573 3521 659 3561; x_wconf 88' lang='lat' dir='ltr'><strong>11-rs.</strong></span> <span class='ocrx_word' id='word_1_366' title='bbox 680 3511 712 3560; x_wconf 83' lang='lat' dir='ltr'><strong>D.</strong></span> <span class='ocrx_word' id='word_1_367' title='bbox 728 3512 759 3560; x_wconf 85' lang='lat' dir='ltr'><strong>de</strong></span> <span class='ocrx_word' id='word_1_368' title='bbox 773 3511 828 3560; x_wconf 77' lang='lat' dir='ltr'><strong>ter.</strong></span> <span class='ocrx_word' id='word_1_369' title='bbox 840 3519 893 3574; x_wconf 83' lang='lat' dir='ltr'><strong>pet.</strong></span> <span class='ocrx_word' id='word_1_370' title='bbox 909 3509 940 3575; x_wconf 81' lang='lat' dir='ltr'><strong>(a,</strong></span> <span class='ocrx_word' id='word_1_371' title='bbox 954 3509 985 3575; x_wconf 87' lang='lat' dir='ltr'><strong>e).</strong></span> 
     </span>
    </p>
   </div>
   <div class='ocr_carea' id='block_1_7' title="bbox 0 0 1240 3972">
    <p class='ocr_par' dir='ltr' id='par_1_10' title="bbox 0 0 1240 3972">
     <span class='ocr_line' id='line_1_42' title="bbox 0 0 1240 3972; baseline 0 3"><span class='ocrx_word' id='word_1_372' title='bbox 0 0 1240 3972; x_wconf 95' lang='lat' dir='ltr'><strong> </strong></span> 
     </span>
    </p>
   </div>
  </div>
 </body>
</html>
