<?xml version="1.0" encoding="UTF-8"?>
<!DOCTYPE html PUBLIC "-//W3C//DTD XHTML 1.0 Transitional//EN"
    "http://www.w3.org/TR/xhtml1/DTD/xhtml1-transitional.dtd">
<html xmlns="http://www.w3.org/1999/xhtml" xml:lang="en" lang="en">
 <head>
  <title>
</title>
<meta http-equiv="Content-Type" content="text/html;charset=utf-8" />
  <meta name='ocr-system' content='tesseract 3.04.00' />
  <meta name='ocr-capabilities' content='ocr_page ocr_carea ocr_par ocr_line ocrx_word'/>
</head>
<body>
  <div class='ocr_page' id='page_1' title='image "./gaiiinstitution00huscgoog_0258.png"; bbox 0 0 2508 3972; ppageno 0'>
   <div class='ocr_carea' id='block_1_1' title="bbox 373 178 1110 245">
    <p class='ocr_par' dir='ltr' id='par_1_1' title="bbox 373 178 1110 245">
     <span class='ocr_line' id='line_1_1' title="bbox 373 178 1110 245; baseline 0.02 -13"><span class='ocrx_word' id='word_1_1' title='bbox 373 195 431 232; x_wconf 70' lang='lat' dir='ltr'><strong>em</strong></span> <span class='ocrx_word' id='word_1_2' title='bbox 449 197 542 233; x_wconf 72' lang='lat' dir='ltr'><strong>nem.</strong></span> <span class='ocrx_word' id='word_1_3' title='bbox 562 179 609 234; x_wconf 78' lang='lat' dir='ltr'><strong>iv.</strong></span> <span class='ocrx_word' id='word_1_4' title='bbox 630 184 778 235; x_wconf 76' lang='lat' dir='ltr'><strong>lat-155.</strong></span> <span class='ocrx_word' id='word_1_5' title='bbox 989 179 1053 245; x_wconf 74' lang='lat'><strong>251</strong></span> <span class='ocrx_word' id='word_1_6' title='bbox 1109 178 1110 182; x_wconf 72' lang='grc'>’</span> 
     </span>
    </p>
   </div>
   <div class='ocr_carea' id='block_1_2' title="bbox 16 323 1056 2086">
    <p class='ocr_par' dir='ltr' id='par_1_2' title="bbox 16 323 1056 2086">
     <span class='ocr_line' id='line_1_2' title="bbox 91 323 1056 405; baseline 0.002 -21"><span class='ocrx_word' id='word_1_7' title='bbox 91 335 141 384; x_wconf 80' lang='lat' dir='ltr'><strong>sut</strong></span> <span class='ocrx_word' id='word_1_8' title='bbox 162 325 261 400; x_wconf 87' lang='lat' dir='ltr'><strong>quibus</strong></span> <span class='ocrx_word' id='word_1_9' title='bbox 290 323 512 401; x_wconf 77' lang='lat' dir='ltr'><strong><em>(usumfructum</em></strong></span> <span class='ocrx_word' id='word_1_10' title='bbox 536 330 583 384; x_wconf 87' lang='lat' dir='ltr'><strong>uei</strong></span> <span class='ocrx_word' id='word_1_11' title='bbox 608 344 691 385; x_wconf 87' lang='lat' dir='ltr'><strong>usum</strong></span> <span class='ocrx_word' id='word_1_12' title='bbox 717 323 982 402; x_wconf 74' lang='lat' dir='ltr'><strong>conistituerimus‚¹</strong></span> <span class='ocrx_word' id='word_1_13' title='bbox 1006 332 1056 405; x_wconf 86' lang='lat' dir='ltr'><strong>ipsi</strong></span> 
     </span>
     <span class='ocr_line' id='line_1_3' title="bbox 92 409 1056 487; baseline 0.002 -19"><span class='ocrx_word' id='word_1_14' title='bbox 92 409 237 484; x_wconf 88' lang='lat' dir='ltr'><strong>possidere</strong></span> <span class='ocrx_word' id='word_1_15' title='bbox 253 410 393 468; x_wconf 86' lang='lat' dir='ltr'><strong>uidemur:</strong></span> <span class='ocrx_word' id='word_1_16' title='bbox 416 413 595 484; x_wconf 71' lang='lat' dir='ltr'><strong>othonem,</strong></span> <span class='ocrx_word' id='word_1_17' title='bbox 619 414 692 486; x_wconf 90' lang='lat' dir='ltr'><strong>quod</strong></span> <span class='ocrx_word' id='word_1_18' title='bbox 715 413 798 487; x_wconf 83' lang='lat' dir='ltr'><strong>uolgo</strong></span> <span class='ocrx_word' id='word_1_19' title='bbox 814 413 922 486; x_wconf 81' lang='lat' dir='ltr'><strong>dieitur,</strong></span> <span class='ocrx_word' id='word_1_20' title='bbox 946 416 1056 471; x_wconf 90' lang='lat' dir='ltr'><strong>retineri</strong></span> 
     </span>
     <span class='ocr_line' id='line_1_4' title="bbox 93 495 1055 572; baseline 0.004 -22"><span class='ocrx_word' id='word_1_21' title='bbox 93 496 298 570; x_wconf 87' lang='lat' dir='ltr'><strong>possessionem</strong></span> <span class='ocrx_word' id='word_1_22' title='bbox 321 513 403 568; x_wconf 91' lang='lat' dir='ltr'><strong>posse</strong></span> <span class='ocrx_word' id='word_1_23' title='bbox 418 513 468 570; x_wconf 88' lang='lat' dir='ltr'><strong>per</strong></span> <span class='ocrx_word' id='word_1_24' title='bbox 482 495 639 571; x_wconf 80' lang='lat' dir='ltr'><strong>quemlibet,</strong></span> <span class='ocrx_word' id='word_1_25' title='bbox 662 500 709 572; x_wconf 88' lang='lat' dir='ltr'><strong>qui</strong></span> <span class='ocrx_word' id='word_1_26' title='bbox 725 507 822 555; x_wconf 89' lang='lat' dir='ltr'><strong>nostro</strong></span> <span class='ocrx_word' id='word_1_27' title='bbox 845 500 957 554; x_wconf 86' lang='lat' dir='ltr'><strong>nomine</strong></span> <span class='ocrx_word' id='word_1_28' title='bbox 976 501 1055 555; x_wconf 89' lang='lat' dir='ltr'><strong>sitin</strong></span> 
     </span>
     <span class='ocr_line' id='line_1_5' title="bbox 91 580 1055 656; baseline 0.004 -20"><span class='ocrx_word' id='word_1_29' title='bbox 91 580 280 652; x_wconf 77' lang='lat' dir='ltr'><strong>possessione.</strong></span> <span class='ocrx_word' id='word_1_30' title='bbox 323 581 482 653; x_wconf 79' lang='lat' dir='ltr'><strong>quinetiam</strong></span> <span class='ocrx_word' id='word_1_31' title='bbox 498 582 621 656; x_wconf 79' lang='lat' dir='ltr'><strong>plerique</strong></span> <span class='ocrx_word' id='word_1_32' title='bbox 637 591 743 655; x_wconf 78' lang='lat' dir='ltr'><strong>putent,</strong></span> <span class='ocrx_word' id='word_1_33' title='bbox 759 583 847 638; x_wconf 82' lang='lat' dir='ltr'><strong>animo</strong></span> <span class='ocrx_word' id='word_1_34' title='bbox 864 599 972 656; x_wconf 72' lang='lat' dir='ltr'><strong>quoque</strong></span> <span class='ocrx_word' id='word_1_35' title='bbox 988 588 1055 640; x_wconf 84' lang='lat' dir='ltr'><strong>reti·</strong></span> 
     </span>
     <span class='ocr_line' id='line_1_6' title="bbox 92 664 1055 740; baseline 0 -18"><span class='ocrx_word' id='word_1_36' title='bbox 92 665 155 722; x_wconf 82' lang='lat' dir='ltr'><strong>neri</strong></span> <span class='ocrx_word' id='word_1_37' title='bbox 170 664 382 738; x_wconf 82' lang='lat' dir='ltr'><strong>possessionem,</strong></span> <span class='ocrx_word' id='word_1_38' title='bbox 398 667 441 734; x_wconf 88' lang='lat' dir='ltr'><strong>(ut</strong></span> <span class='ocrx_word' id='word_1_39' title='bbox 455 669 583 736; x_wconf 82' lang='lat' dir='ltr'><strong>seilicet,</strong></span> <span class='ocrx_word' id='word_1_40' title='bbox 599 671 732 739; x_wconf 84' lang='lat' dir='ltr'><strong>quamuis</strong></span> <span class='ocrx_word' id='word_1_41' title='bbox 745 683 838 740; x_wconf 84' lang='lat' dir='ltr'><strong>neque</strong></span> <span class='ocrx_word' id='word_1_42' title='bbox 852 671 910 738; x_wconf 82' lang='lat' dir='ltr'><strong>ipsi</strong></span> <span class='ocrx_word' id='word_1_43' title='bbox 923 671 1011 724; x_wconf 85' lang='lat' dir='ltr'><strong>simus</strong></span> <span class='ocrx_word' id='word_1_44' title='bbox 1025 671 1055 724; x_wconf 84' lang='lat' dir='ltr'><strong>in</strong></span> 
     </span>
     <span class='ocr_line' id='line_1_7' title="bbox 89 742 1053 826; baseline 0.004 -23"><span class='ocrx_word' id='word_1_45' title='bbox 89 745 286 820; x_wconf 84' lang='lat' dir='ltr'><strong>possessione)</strong></span> <span class='ocrx_word' id='word_1_46' title='bbox 302 764 391 822; x_wconf 85' lang='lat' dir='ltr'><strong>neque</strong></span> <span class='ocrx_word' id='word_1_47' title='bbox 410 758 507 826; x_wconf 85' lang='lat' dir='ltr'><strong>nostro</strong></span> <span class='ocrx_word' id='word_1_48' title='bbox 523 742 630 809; x_wconf 85' lang='lat' dir='ltr'><strong>nomine</strong></span> <span class='ocrx_word' id='word_1_49' title='bbox 647 751 725 820; x_wconf 83' lang='lat' dir='ltr'><strong>eiius,</strong></span> <span class='ocrx_word' id='word_1_50' title='bbox 747 759 836 806; x_wconf 85' lang='lat' dir='ltr'><strong>tamen</strong></span> <span class='ocrx_word' id='word_1_51' title='bbox 852 753 875 806; x_wconf 91' lang='lat' dir='ltr'><strong>si</strong></span> <span class='ocrx_word' id='word_1_52' title='bbox 895 768 950 807; x_wconf 88' lang='lat' dir='ltr'><strong>non</strong></span> <span class='ocrx_word' id='word_1_53' title='bbox 972 752 1053 807; x_wconf 87' lang='lat' dir='ltr'><strong>retin-</strong></span> 
     </span>
     <span class='ocr_line' id='line_1_8' title="bbox 92 831 1053 908; baseline 0.005 -22"><span class='ocrx_word' id='word_1_54' title='bbox 92 831 219 905; x_wconf 82' lang='lat' dir='ltr'><strong>quendse</strong></span> <span class='ocrx_word' id='word_1_55' title='bbox 234 834 415 906; x_wconf 81' lang='lat' dir='ltr'><strong>possessionis</strong></span> <span class='ocrx_word' id='word_1_56' title='bbox 430 836 535 906; x_wconf 83' lang='lat' dir='ltr'><strong>animo,</strong></span> <span class='ocrx_word' id='word_1_57' title='bbox 551 834 598 890; x_wconf 80' lang='lat' dir='ltr'><strong>seu</strong></span> <span class='ocrx_word' id='word_1_58' title='bbox 614 843 708 908; x_wconf 87' lang='lat' dir='ltr'><strong>postea</strong></span> <span class='ocrx_word' id='word_1_59' title='bbox 724 837 861 892; x_wconf 87' lang='lat' dir='ltr'><strong>reuersuri</strong></span> <span class='ocrx_word' id='word_1_60' title='bbox 874 835 939 892; x_wconf 86' lang='lat' dir='ltr'><strong>iude</strong></span> <span class='ocrx_word' id='word_1_61' title='bbox 952 833 1053 892; x_wconf 82' lang='lat' dir='ltr'><strong>disues-</strong></span> 
     </span>
     <span class='ocr_line' id='line_1_9' title="bbox 89 912 1053 994; baseline 0.006 -24"><span class='ocrx_word' id='word_1_62' title='bbox 89 917 224 986; x_wconf 85' lang='lat' dir='ltr'><strong>serimus,</strong></span> <span class='ocrx_word' id='word_1_63' title='bbox 246 918 365 973; x_wconf 87' lang='lat' dir='ltr'><strong>retiuere</strong></span> <span class='ocrx_word' id='word_1_64' title='bbox 386 921 588 990; x_wconf 85' lang='lat' dir='ltr'><strong>possessionem</strong></span> <span class='ocrx_word' id='word_1_65' title='bbox 608 912 770 976; x_wconf 81' lang='lat' dir='ltr'><strong>uidenmur.²</strong></span> <span class='ocrx_word' id='word_1_66' title='bbox 805 921 887 993; x_wconf 83' lang='lat' dir='ltr'><strong>apisci</strong></span> <span class='ocrx_word' id='word_1_67' title='bbox 908 937 974 976; x_wconf 89' lang='lat' dir='ltr'><strong>uero</strong></span> <span class='ocrx_word' id='word_1_68' title='bbox 989 937 1053 994; x_wconf 92' lang='lat' dir='ltr'><strong>pos·</strong></span> 
     </span>
     <span class='ocr_line' id='line_1_10' title="bbox 16 1002 1052 1076; baseline 0.008 -24"><span class='ocrx_word' id='word_1_69' title='bbox 16 1003 79 1053; x_wconf 78' lang='lat'>[³1³]</span> <span class='ocrx_word' id='word_1_70' title='bbox 89 1002 243 1058; x_wconf 87' lang='lat' dir='ltr'><strong>sessionem</strong></span> <span class='ocrx_word' id='word_1_71' title='bbox 255 1017 304 1075; x_wconf 87' lang='lat' dir='ltr'><strong>per</strong></span> <span class='ocrx_word' id='word_1_72' title='bbox 313 1019 382 1074; x_wconf 90' lang='lat' dir='ltr'><strong>quos</strong></span> <span class='ocrx_word' id='word_1_73' title='bbox 392 1004 539 1076; x_wconf 84' lang='lat' dir='ltr'><strong>possimus,</strong></span> <span class='ocrx_word' id='word_1_74' title='bbox 547 1004 666 1060; x_wconf 83' lang='lat' dir='ltr'><strong>seeundo</strong></span> <span class='ocrx_word' id='word_1_75' title='bbox 676 1003 868 1059; x_wconf 83' lang='lat' dir='ltr'><strong>eommerrterio</strong></span> <span class='ocrx_word' id='word_1_76' title='bbox 880 1005 1052 1073; x_wconf 83' lang='lat' dir='ltr'><strong>rettulimus3</strong></span> 
     </span>
     <span class='ocr_line' id='line_1_11' title="bbox 88 1085 1052 1162; baseline 0 -18"><span class='ocrx_word' id='word_1_77' title='bbox 88 1103 143 1144; x_wconf 89' lang='lat' dir='ltr'><strong>nee</strong></span> <span class='ocrx_word' id='word_1_78' title='bbox 165 1085 220 1142; x_wconf 85' lang='lat' dir='ltr'><strong>ulia</strong></span> <span class='ocrx_word' id='word_1_79' title='bbox 240 1085 375 1142; x_wconf 72' lang='lat' dir='ltr'><strong>dubitatio</strong></span> <span class='ocrx_word' id='word_1_80' title='bbox 394 1094 452 1158; x_wconf 86' lang='lat' dir='ltr'><strong>est,</strong></span> <span class='ocrx_word' id='word_1_81' title='bbox 479 1089 544 1160; x_wconf 92' lang='lat' dir='ltr'><strong>quin</strong></span> <span class='ocrx_word' id='word_1_82' title='bbox 564 1088 654 1142; x_wconf 50' lang='lat' dir='ltr'><strong>¹utrium</strong></span> <span class='ocrx_word' id='word_1_83' title='bbox 676 1090 878 1162; x_wconf 86' lang='lat' dir='ltr'><strong>possessiouem</strong></span> <span class='ocrx_word' id='word_1_84' title='bbox 894 1090 976 1162; x_wconf 87' lang='lat' dir='ltr'><strong>apisoi</strong></span> <span class='ocrx_word' id='word_1_85' title='bbox 996 1105 1052 1144; x_wconf 92' lang='lat' dir='ltr'><strong>non</strong></span> 
     </span>
     <span class='ocr_line' id='line_1_12' title="bbox 88 1166 1053 1246; baseline 0.002 -20"><span class='ocrx_word' id='word_1_86' title='bbox 88 1172 241 1246; x_wconf 77' lang='lat' dir='ltr'><strong>possimus.</strong></span> <span class='ocrx_word' id='word_1_87' title='bbox 280 1166 345 1228; x_wconf 75' lang='lat'>1⁵4.</span> <span class='ocrx_word' id='word_1_88' title='bbox 369 1171 565 1244; x_wconf 78' lang='lat' dir='ltr'><strong>Reciperandse</strong></span> <span class='ocrx_word' id='word_1_89' title='bbox 581 1173 762 1244; x_wconf 84' lang='lat' dir='ltr'><strong>possessionis</strong></span> <span class='ocrx_word' id='word_1_90' title='bbox 778 1189 856 1228; x_wconf 87' lang='lat' dir='ltr'><strong>eausa</strong></span> <span class='ocrx_word' id='word_1_91' title='bbox 878 1172 949 1230; x_wconf 90' lang='lat' dir='ltr'><strong>solet</strong></span> <span class='ocrx_word' id='word_1_92' title='bbox 970 1175 1053 1228; x_wconf 82' lang='lat' dir='ltr'><strong>inter·</strong></span> 
     </span>
     <span class='ocr_line' id='line_1_13' title="bbox 89 1255 1052 1329; baseline -0.002 -17"><span class='ocrx_word' id='word_1_93' title='bbox 89 1258 193 1313; x_wconf 86' lang='lat' dir='ltr'><strong>dietum</strong></span> <span class='ocrx_word' id='word_1_94' title='bbox 214 1255 286 1322; x_wconf 81' lang='lat' dir='ltr'><strong>deri,</strong></span> <span class='ocrx_word' id='word_1_95' title='bbox 310 1257 332 1310; x_wconf 94' lang='lat' dir='ltr'><strong>si</strong></span> <span class='ocrx_word' id='word_1_96' title='bbox 354 1257 414 1329; x_wconf 88' lang='lat' dir='ltr'><strong>quis</strong></span> <span class='ocrx_word' id='word_1_97' title='bbox 437 1272 469 1310; x_wconf 85' lang='lat' dir='ltr'><strong>ex</strong></span> <span class='ocrx_word' id='word_1_98' title='bbox 489 1256 664 1329; x_wconf 82' lang='lat' dir='ltr'><strong>possessione</strong></span> <span class='ocrx_word' id='word_1_99' title='bbox 686 1257 713 1310; x_wconf 94' lang='lat' dir='ltr'><strong>ui</strong></span> <span class='ocrx_word' id='word_1_100' title='bbox 733 1255 854 1312; x_wconf 83' lang='lat' dir='ltr'><strong>deiectus</strong></span> <span class='ocrx_word' id='word_1_101' title='bbox 874 1257 925 1312; x_wconf 85' lang='lat' dir='ltr'><strong>sit:</strong></span> <span class='ocrx_word' id='word_1_102' title='bbox 947 1273 1007 1311; x_wconf 86' lang='lat' dir='ltr'><strong>narn</strong></span> <span class='ocrx_word' id='word_1_103' title='bbox 1028 1258 1052 1312; x_wconf 87' lang='lat' dir='ltr'><strong>ei</strong></span> 
     </span>
     <span class='ocr_line' id='line_1_14' title="bbox 88 1339 1053 1416; baseline 0.001 -21"><span class='ocrx_word' id='word_1_104' title='bbox 88 1341 259 1416; x_wconf 86' lang='lat' dir='ltr'><strong>proponitur</strong></span> <span class='ocrx_word' id='word_1_105' title='bbox 273 1339 458 1412; x_wconf 73' lang='lat' dir='ltr'><strong>interdictum,</strong></span> <span class='ocrx_word' id='word_1_106' title='bbox 475 1341 553 1396; x_wconf 87' lang='lat' dir='ltr'><strong>euius</strong></span> <span class='ocrx_word' id='word_1_107' title='bbox 567 1340 729 1413; x_wconf 82' lang='lat' dir='ltr'><strong>principium</strong></span> <span class='ocrx_word' id='word_1_108' title='bbox 743 1349 786 1396; x_wconf 87' lang='lat' dir='ltr'><strong>est</strong></span> <span class='ocrx_word' id='word_1_109' title='bbox 800 1357 883 1398; x_wconf 75' lang='lat' dir='ltr'><strong>vunai</strong></span> <span class='ocrx_word' id='word_1_110' title='bbox 899 1357 940 1398; x_wconf 75' lang='lat' dir='ltr'><strong>ov</strong></span> <span class='ocrx_word' id='word_1_111' title='bbox 956 1357 1053 1398; x_wconf 78' lang='lat' dir='ltr'><strong>ruuvu</strong></span> 
     </span>
     <span class='ocr_line' id='line_1_15' title="bbox 87 1423 1052 1498; baseline -0.004 -14"><span class='ocrx_word' id='word_1_112' title='bbox 87 1441 124 1484; x_wconf 81' lang='lat' dir='ltr'><strong>vr</strong></span> <span class='ocrx_word' id='word_1_113' title='bbox 138 1439 316 1494; x_wconf 76' lang='lat' dir='ltr'><strong>numeneus,</strong></span> <span class='ocrx_word' id='word_1_114' title='bbox 339 1441 389 1498; x_wconf 84' lang='lat' dir='ltr'><strong>per:</strong></span> <span class='ocrx_word' id='word_1_115' title='bbox 410 1423 483 1496; x_wconf 90' lang='lat' dir='ltr'><strong>quod</strong></span> <span class='ocrx_word' id='word_1_116' title='bbox 498 1425 531 1498; x_wconf 89' lang='lat' dir='ltr'><strong>is,</strong></span> <span class='ocrx_word' id='word_1_117' title='bbox 555 1424 601 1497; x_wconf 91' lang='lat' dir='ltr'><strong>qui</strong></span> <span class='ocrx_word' id='word_1_118' title='bbox 616 1423 721 1494; x_wconf 79' lang='lat' dir='ltr'><strong>deiecit,</strong></span> <span class='ocrx_word' id='word_1_119' title='bbox 744 1426 852 1498; x_wconf 82' lang='lat' dir='ltr'><strong>cogitur</strong></span> <span class='ocrx_word' id='word_1_120' title='bbox 868 1426 891 1480; x_wconf 89' lang='lat' dir='ltr'><strong>ei</strong></span> <span class='ocrx_word' id='word_1_121' title='bbox 907 1427 1052 1480; x_wconf 84' lang='lat' dir='ltr'><strong>restituere</strong></span> 
     </span>
     <span class='ocr_line' id='line_1_16' title="bbox 89 1507 1052 1582; baseline 0.001 -18"><span class='ocrx_word' id='word_1_122' title='bbox 89 1511 132 1566; x_wconf 91' lang='lat' dir='ltr'><strong>rei</strong></span> <span class='ocrx_word' id='word_1_123' title='bbox 153 1509 372 1582; x_wconf 83' lang='lat' dir='ltr'><strong>possessionem,</strong></span> <span class='ocrx_word' id='word_1_124' title='bbox 393 1509 416 1563; x_wconf 88' lang='lat' dir='ltr'><strong>si</strong></span> <span class='ocrx_word' id='word_1_125' title='bbox 437 1507 521 1564; x_wconf 83' lang='lat' dir='ltr'><strong>modo</strong></span> <span class='ocrx_word' id='word_1_126' title='bbox 540 1509 577 1577; x_wconf 87' lang='lat' dir='ltr'><strong>is,</strong></span> <span class='ocrx_word' id='word_1_127' title='bbox 601 1509 646 1580; x_wconf 93' lang='lat' dir='ltr'><strong>qui</strong></span> <span class='ocrx_word' id='word_1_128' title='bbox 667 1507 788 1582; x_wconf 73' lang='lat' dir='ltr'><strong>deiectus</strong></span> <span class='ocrx_word' id='word_1_129' title='bbox 810 1517 866 1578; x_wconf 83' lang='lat' dir='ltr'><strong>est,</strong></span> <span class='ocrx_word' id='word_1_130' title='bbox 889 1525 939 1564; x_wconf 88' lang='lat' dir='ltr'><strong>neo</strong></span> <span class='ocrx_word' id='word_1_131' title='bbox 958 1510 986 1564; x_wconf 87' lang='lat' dir='ltr'><strong>ui</strong></span> <span class='ocrx_word' id='word_1_132' title='bbox 1001 1525 1052 1566; x_wconf 86' lang='lat' dir='ltr'><strong>nee</strong></span> 
     </span>
     <span class='ocr_line' id='line_1_17' title="bbox 88 1587 1051 1666; baseline 0 -18"><span class='ocrx_word' id='word_1_133' title='bbox 88 1593 158 1648; x_wconf 83' lang='lat' dir='ltr'><strong>etum</strong></span> <span class='ocrx_word' id='word_1_134' title='bbox 170 1609 222 1648; x_wconf 87' lang='lat' dir='ltr'><strong>nee</strong></span> <span class='ocrx_word' id='word_1_135' title='bbox 232 1593 352 1666; x_wconf 84' lang='lat' dir='ltr'><strong>precario</strong></span> <span class='ocrx_word' id='word_1_136' title='bbox 362 1589 419 1666; x_wconf 88' lang='lat' dir='ltr'><strong>’(ub</strong></span> <span class='ocrx_word' id='word_1_137' title='bbox 431 1589 472 1665; x_wconf 84' lang='lat' dir='ltr'><strong>eo)</strong></span> <span class='ocrx_word' id='word_1_138' title='bbox 483 1591 656 1664; x_wconf 84' lang='lat' dir='ltr'><strong>possideret:</strong></span> <span class='ocrx_word' id='word_1_139' title='bbox 670 1587 812 1650; x_wconf 84' lang='lat' dir='ltr'><strong>enimuero</strong></span> <span class='ocrx_word' id='word_1_140' title='bbox 825 1588 912 1663; x_wconf 77' lang='lat' dir='ltr'><strong>eum‚³</strong></span> <span class='ocrx_word' id='word_1_141' title='bbox 924 1595 971 1666; x_wconf 88' lang='lat' dir='ltr'><strong>qui</strong></span> <span class='ocrx_word' id='word_1_142' title='bbox 983 1610 997 1648; x_wconf 87' lang='lat' dir='ltr'><strong>a</strong></span> <span class='ocrx_word' id='word_1_143' title='bbox 1009 1609 1051 1649; x_wconf 89' lang='lat' dir='ltr'><strong>me</strong></span> 
     </span>
     <span class='ocr_line' id='line_1_18' title="bbox 88 1669 1052 1749; baseline -0.002 -15"><span class='ocrx_word' id='word_1_144' title='bbox 88 1679 118 1734; x_wconf 86' lang='lat' dir='ltr'><strong>ui</strong></span> <span class='ocrx_word' id='word_1_145' title='bbox 134 1685 179 1734; x_wconf 92' lang='lat' dir='ltr'><strong>aut</strong></span> <span class='ocrx_word' id='word_1_146' title='bbox 195 1677 262 1732; x_wconf 83' lang='lat' dir='ltr'><strong>olem</strong></span> <span class='ocrx_word' id='word_1_147' title='bbox 274 1686 320 1732; x_wconf 85' lang='lat' dir='ltr'><strong>sut</strong></span> <span class='ocrx_word' id='word_1_148' title='bbox 332 1679 454 1749; x_wconf 78' lang='lat' dir='ltr'><strong>precario</strong></span> <span class='ocrx_word' id='word_1_149' title='bbox 465 1669 619 1749; x_wconf 82' lang='lat' dir='ltr'><strong>&#39;possidet‚⁴</strong></span> <span class='ocrx_word' id='word_1_150' title='bbox 636 1677 737 1749; x_wconf 90' lang='lat' dir='ltr'><strong>inpune</strong></span> <span class='ocrx_word' id='word_1_151' title='bbox 748 1671 858 1734; x_wconf 77' lang='lat' dir='ltr'><strong>deicio-⁵</strong></span> <span class='ocrx_word' id='word_1_152' title='bbox 886 1670 948 1732; x_wconf 85' lang='lat'>155.</span> <span class='ocrx_word' id='word_1_153' title='bbox 965 1677 1052 1732; x_wconf 87' lang='lat' dir='ltr'><strong>luter·</strong></span> 
     </span>
     <span class='ocr_line' id='line_1_19' title="bbox 89 1761 1052 1833; baseline -0.002 -15"><span class='ocrx_word' id='word_1_154' title='bbox 89 1762 154 1818; x_wconf 91' lang='lat' dir='ltr'><strong>dum</strong></span> <span class='ocrx_word' id='word_1_155' title='bbox 176 1770 266 1816; x_wconf 85' lang='lat' dir='ltr'><strong>temen</strong></span> <span class='ocrx_word' id='word_1_156' title='bbox 287 1765 339 1816; x_wconf 89' lang='lat' dir='ltr'><strong>etsi</strong></span> <span class='ocrx_word' id='word_1_157' title='bbox 360 1777 420 1816; x_wconf 87' lang='lat' dir='ltr'><strong>eum</strong></span> <span class='ocrx_word' id='word_1_158' title='bbox 438 1762 465 1816; x_wconf 94' lang='lat' dir='ltr'><strong>ui</strong></span> <span class='ocrx_word' id='word_1_159' title='bbox 481 1761 640 1830; x_wconf 81' lang='lat' dir='ltr'><strong>deiecerun,</strong></span> <span class='ocrx_word' id='word_1_160' title='bbox 662 1763 737 1833; x_wconf 89' lang='lat' dir='ltr'><strong>quia</strong></span> <span class='ocrx_word' id='word_1_161' title='bbox 753 1777 795 1815; x_wconf 91' lang='lat' dir='ltr'><strong>me</strong></span> <span class='ocrx_word' id='word_1_162' title='bbox 811 1763 838 1816; x_wconf 93' lang='lat' dir='ltr'><strong>ui</strong></span> <span class='ocrx_word' id='word_1_163' title='bbox 854 1770 900 1817; x_wconf 88' lang='lat' dir='ltr'><strong>sut</strong></span> <span class='ocrx_word' id='word_1_164' title='bbox 920 1761 988 1817; x_wconf 82' lang='lat' dir='ltr'><strong>elam</strong></span> <span class='ocrx_word' id='word_1_165' title='bbox 1005 1771 1052 1816; x_wconf 82' lang='lat' dir='ltr'><strong>aut</strong></span> 
     </span>
     <span class='ocr_line' id='line_1_20' title="bbox 88 1845 1050 1920; baseline -0.002 -18"><span class='ocrx_word' id='word_1_166' title='bbox 88 1847 212 1920; x_wconf 84' lang='lat' dir='ltr'><strong>precario</strong></span> <span class='ocrx_word' id='word_1_167' title='bbox 228 1845 389 1918; x_wconf 82' lang='lat' dir='ltr'><strong>possideret,</strong></span> <span class='ocrx_word' id='word_1_168' title='bbox 407 1861 494 1918; x_wconf 81' lang='lat' dir='ltr'><strong>cogor</strong></span> <span class='ocrx_word' id='word_1_169' title='bbox 509 1847 533 1900; x_wconf 88' lang='lat' dir='ltr'><strong>ei</strong></span> <span class='ocrx_word' id='word_1_170' title='bbox 548 1845 694 1900; x_wconf 80' lang='lat' dir='ltr'><strong>restituere</strong></span> <span class='ocrx_word' id='word_1_171' title='bbox 708 1846 920 1918; x_wconf 86' lang='lat' dir='ltr'><strong>possessiouem,</strong></span> <span class='ocrx_word' id='word_1_172' title='bbox 937 1845 1012 1902; x_wconf 86' lang='lat' dir='ltr'><strong>uelut</strong></span> <span class='ocrx_word' id='word_1_173' title='bbox 1028 1847 1050 1901; x_wconf 91' lang='lat' dir='ltr'><strong>si</strong></span> 
     </span>
     <span class='ocr_line' id='line_1_21' title="bbox 88 1927 1051 2003; baseline 0 -17"><span class='ocrx_word' id='word_1_174' title='bbox 88 1932 170 1986; x_wconf 83' lang='lat' dir='ltr'><strong>armis</strong></span> <span class='ocrx_word' id='word_1_175' title='bbox 183 1927 244 1986; x_wconf 83' lang='lat' dir='ltr'><strong>eum</strong></span> <span class='ocrx_word' id='word_1_176' title='bbox 255 1931 284 1984; x_wconf 93' lang='lat' dir='ltr'><strong>ui</strong></span> <span class='ocrx_word' id='word_1_177' title='bbox 295 1929 452 1986; x_wconf 84' lang='lat' dir='ltr'><strong>deiecerim:</strong></span> <span class='ocrx_word' id='word_1_178' title='bbox 469 1946 528 1987; x_wconf 86' lang='lat' dir='ltr'><strong>nam</strong></span> <span class='ocrx_word' id='word_1_179' title='bbox 541 1935 654 2003; x_wconf 86' lang='lat' dir='ltr'><strong>propter</strong></span> <span class='ocrx_word' id='word_1_180' title='bbox 669 1931 837 1986; x_wconf 79' lang='lat' dir='ltr'><strong>atrocitatem</strong></span> <span class='ocrx_word' id='word_1_181' title='bbox 850 1929 939 1986; x_wconf 75' lang='lat' dir='ltr'><strong>delicti</strong></span> <span class='ocrx_word' id='word_1_182' title='bbox 951 1931 979 1985; x_wconf 93' lang='lat' dir='ltr'><strong>in</strong></span> <span class='ocrx_word' id='word_1_183' title='bbox 992 1938 1051 1986; x_wconf 91' lang='lat' dir='ltr'><strong>tan·</strong></span> 
     </span>
     <span class='ocr_line' id='line_1_22' title="bbox 89 2013 1051 2086; baseline -0.001 -15"><span class='ocrx_word' id='word_1_184' title='bbox 89 2024 148 2072; x_wconf 87' lang='lat' dir='ltr'><strong>tum</strong></span> <span class='ocrx_word' id='word_1_185' title='bbox 163 2013 245 2070; x_wconf 85' lang='lat' dir='ltr'><strong>’rstio</strong></span> <span class='ocrx_word' id='word_1_186' title='bbox 258 2013 489 2086; x_wconf 66' lang='lat' dir='ltr'><strong>suentisium,</strong></span> <span class='ocrx_word' id='word_1_187' title='bbox 514 2024 543 2068; x_wconf 90' lang='lat' dir='ltr'><strong>ut</strong></span> <span class='ocrx_word' id='word_1_188' title='bbox 564 2013 719 2070; x_wconf 83' lang='lat' dir='ltr'><strong>omnimodo</strong></span> <span class='ocrx_word' id='word_1_189' title='bbox 734 2013 845 2069; x_wconf 88' lang='lat' dir='ltr'><strong>debeam</strong></span> <span class='ocrx_word' id='word_1_190' title='bbox 862 2016 886 2070; x_wconf 87' lang='lat' dir='ltr'><strong>ei</strong></span> <span class='ocrx_word' id='word_1_191' title='bbox 905 2015 1051 2070; x_wconf 81' lang='lat' dir='ltr'><strong>restituere</strong></span> 
     </span>
    </p>
   </div>
   <div class='ocr_carea' id='block_1_3' title="bbox 83 2225 1126 3199">
    <p class='ocr_par' dir='ltr' id='par_1_3' title="bbox 83 2225 1126 3199">
     <span class='ocr_line' id='line_1_23' title="bbox 163 2225 1050 2294; baseline 0.001 -19"><span class='ocrx_word' id='word_1_192' title='bbox 163 2226 183 2294; x_wconf 92' lang='lat'><strong>¹)</strong></span> <span class='ocrx_word' id='word_1_193' title='bbox 202 2227 276 2276; x_wconf 86' lang='lat' dir='ltr'><strong>Huee</strong></span> <span class='ocrx_word' id='word_1_194' title='bbox 295 2229 412 2277; x_wconf 87' lang='lat' dir='ltr'><strong>omittunt</strong></span> <span class='ocrx_word' id='word_1_195' title='bbox 431 2225 488 2274; x_wconf 84' lang='lat' dir='ltr'><strong>edd.</strong></span> <span class='ocrx_word' id='word_1_196' title='bbox 507 2228 583 2275; x_wconf 85' lang='lat' dir='ltr'><strong>etiam</strong></span> <span class='ocrx_word' id='word_1_197' title='bbox 603 2243 657 2275; x_wconf 88' lang='lat' dir='ltr'><strong>meu</strong></span> <span class='ocrx_word' id='word_1_198' title='bbox 677 2227 763 2290; x_wconf 84' lang='lat' dir='ltr'><strong>prior.</strong></span> <span class='ocrx_word' id='word_1_199' title='bbox 784 2234 797 2273; x_wconf 80' lang='lat' dir='ltr'><strong>a</strong></span> <span class='ocrx_word' id='word_1_200' title='bbox 817 2227 902 2289; x_wconf 87' lang='lat' dir='ltr'><strong>quibus</strong></span> <span class='ocrx_word' id='word_1_201' title='bbox 923 2227 1050 2288; x_wconf 77' lang='lat' dir='ltr'><strong>gratuitam</strong></span> 
     </span>
     <span class='ocr_line' id='line_1_24' title="bbox 87 2296 1050 2361; baseline -0.003 -11"><span class='ocrx_word' id='word_1_202' title='bbox 87 2299 268 2357; x_wconf 81' lang='lat' dir='ltr'><strong>hebiteltionenr</strong></span> <span class='ocrx_word' id='word_1_203' title='bbox 289 2297 314 2348; x_wconf 80' lang='lat'><strong>0.</strong></span> <span class='ocrx_word' id='word_1_204' title='bbox 329 2296 461 2360; x_wconf 81' lang='lat' dir='ltr'><strong>Apparet,</strong></span> <span class='ocrx_word' id='word_1_205' title='bbox 481 2297 617 2348; x_wconf 86' lang='lat' dir='ltr'><strong>librarium</strong></span> <span class='ocrx_word' id='word_1_206' title='bbox 632 2298 683 2346; x_wconf 87' lang='lat' dir='ltr'><strong>duo</strong></span> <span class='ocrx_word' id='word_1_207' title='bbox 698 2296 808 2345; x_wconf 89' lang='lat' dir='ltr'><strong>membru</strong></span> <span class='ocrx_word' id='word_1_208' title='bbox 823 2299 963 2356; x_wconf 87' lang='lat' dir='ltr'><strong>orationis,</strong></span> <span class='ocrx_word' id='word_1_209' title='bbox 984 2313 1050 2361; x_wconf 85' lang='lat' dir='ltr'><strong>quae</strong></span> 
     </span>
     <span class='ocr_line' id='line_1_25' title="bbox 88 2367 1051 2434; baseline -0.002 -13"><span class='ocrx_word' id='word_1_210' title='bbox 88 2372 219 2434; x_wconf 85' lang='lat' dir='ltr'><strong>incipiunt</strong></span> <span class='ocrx_word' id='word_1_211' title='bbox 235 2375 275 2417; x_wconf 83' lang='lat' dir='ltr'><strong>sut</strong></span> <span class='ocrx_word' id='word_1_212' title='bbox 291 2368 377 2432; x_wconf 89' lang='lat' dir='ltr'><strong>quibus</strong></span> <span class='ocrx_word' id='word_1_213' title='bbox 394 2367 544 2429; x_wconf 78' lang='lat' dir='ltr'><strong>confudisse</strong></span> <span class='ocrx_word' id='word_1_214' title='bbox 563 2374 662 2416; x_wconf 87' lang='lat' dir='ltr'><strong>etcum</strong></span> <span class='ocrx_word' id='word_1_215' title='bbox 677 2374 738 2430; x_wconf 86' lang='lat' dir='ltr'><strong>post</strong></span> <span class='ocrx_word' id='word_1_216' title='bbox 758 2367 884 2432; x_wconf 87' lang='lat' dir='ltr'><strong>seriptum</strong></span> <span class='ocrx_word' id='word_1_217' title='bbox 903 2381 961 2430; x_wconf 86' lang='lat' dir='ltr'><strong>pree</strong></span> <span class='ocrx_word' id='word_1_218' title='bbox 981 2371 1051 2418; x_wconf 85' lang='lat' dir='ltr'><strong>oculi</strong></span> 
     </span>
     <span class='ocr_line' id='line_1_26' title="bbox 87 2436 1052 2504; baseline -0.004 -12"><span class='ocrx_word' id='word_1_219' title='bbox 87 2443 255 2492; x_wconf 83' lang='lat' dir='ltr'><strong>aberrassent</strong></span> <span class='ocrx_word' id='word_1_220' title='bbox 270 2439 306 2488; x_wconf 86' lang='lat' dir='ltr'><strong>ud</strong></span> <span class='ocrx_word' id='word_1_221' title='bbox 318 2436 543 2504; x_wconf 85' lang='lat' dir='ltr'><strong>(cou)stituerimus,</strong></span> <span class='ocrx_word' id='word_1_222' title='bbox 558 2441 681 2502; x_wconf 84' lang='lat' dir='ltr'><strong>uelletque</strong></span> <span class='ocrx_word' id='word_1_223' title='bbox 695 2439 813 2487; x_wconf 88' lang='lat' dir='ltr'><strong>omissum</strong></span> <span class='ocrx_word' id='word_1_224' title='bbox 832 2437 968 2487; x_wconf 81' lang='lat' dir='ltr'><strong>membrum</strong></span> <span class='ocrx_word' id='word_1_225' title='bbox 982 2439 1052 2502; x_wconf 82' lang='lat' dir='ltr'><strong>quod</strong></span> 
     </span>
     <span class='ocr_line' id='line_1_27' title="bbox 83 2507 1050 2576; baseline -0.003 -15"><span class='ocrx_word' id='word_1_226' title='bbox 83 2513 234 2576; x_wconf 77' lang='lat' dir='ltr'><strong>proximum</strong></span> <span class='ocrx_word' id='word_1_227' title='bbox 258 2517 296 2559; x_wconf 84' lang='lat' dir='ltr'><strong>est</strong></span> <span class='ocrx_word' id='word_1_228' title='bbox 314 2516 374 2558; x_wconf 85' lang='lat' dir='ltr'><strong>unte</strong></span> <span class='ocrx_word' id='word_1_229' title='bbox 394 2509 443 2558; x_wconf 85' lang='lat' dir='ltr'><strong>boe</strong></span> <span class='ocrx_word' id='word_1_230' title='bbox 466 2509 569 2558; x_wconf 84' lang='lat' dir='ltr'><strong>uerbum</strong></span> <span class='ocrx_word' id='word_1_231' title='bbox 592 2507 779 2565; x_wconf 81' lang='lat' dir='ltr'><strong>transcribere,</strong></span> <span class='ocrx_word' id='word_1_232' title='bbox 803 2523 897 2565; x_wconf 84' lang='lat' dir='ltr'><strong>rursus</strong></span> <span class='ocrx_word' id='word_1_233' title='bbox 922 2510 949 2557; x_wconf 88' lang='lat' dir='ltr'><strong>in</strong></span> <span class='ocrx_word' id='word_1_234' title='bbox 971 2511 1050 2572; x_wconf 83' lang='lat' dir='ltr'><strong>prius</strong></span> 
     </span>
     <span class='ocr_line' id='line_1_28' title="bbox 87 2579 1051 2643; baseline -0.005 -10"><span class='ocrx_word' id='word_1_235' title='bbox 87 2583 224 2633; x_wconf 89' lang='lat' dir='ltr'><strong>membrum</strong></span> <span class='ocrx_word' id='word_1_236' title='bbox 246 2581 377 2630; x_wconf 82' lang='lat' dir='ltr'><strong>inuidisse.</strong></span> <span class='ocrx_word' id='word_1_237' title='bbox 424 2579 497 2629; x_wconf 85' lang='lat' dir='ltr'><strong>Certe</strong></span> <span class='ocrx_word' id='word_1_238' title='bbox 518 2580 744 2643; x_wconf 77' lang='lat' dir='ltr'><strong>usufructuarium</strong></span> <span class='ocrx_word' id='word_1_239' title='bbox 764 2586 789 2628; x_wconf 89' lang='lat' dir='ltr'><strong>et</strong></span> <span class='ocrx_word' id='word_1_240' title='bbox 809 2580 944 2628; x_wconf 87' lang='lat' dir='ltr'><strong>usuarium</strong></span> <span class='ocrx_word' id='word_1_241' title='bbox 969 2579 1051 2628; x_wconf 84' lang='lat' dir='ltr'><strong>Gaius</strong></span> 
     </span>
     <span class='ocr_line' id='line_1_29' title="bbox 87 2647 1049 2718; baseline -0.006 -13"><span class='ocrx_word' id='word_1_242' title='bbox 87 2671 139 2705; x_wconf 87' lang='lat' dir='ltr'><strong>non</strong></span> <span class='ocrx_word' id='word_1_243' title='bbox 155 2654 247 2704; x_wconf 88' lang='lat' dir='ltr'><strong>omisit.</strong></span> <span class='ocrx_word' id='word_1_244' title='bbox 307 2647 416 2718; x_wconf 60' lang='lat' dir='ltr'><strong>nume</strong></span> <span class='ocrx_word' id='word_1_245' title='bbox 430 2652 487 2700; x_wconf 84' lang='lat' dir='ltr'><strong>loeo</strong></span> <span class='ocrx_word' id='word_1_246' title='bbox 502 2658 579 2700; x_wconf 84' lang='lat' dir='ltr'><strong>antea</strong></span> <span class='ocrx_word' id='word_1_247' title='bbox 593 2653 676 2702; x_wconf 77' lang='lat' dir='ltr'><strong>uariis</strong></span> <span class='ocrx_word' id='word_1_248' title='bbox 690 2651 848 2700; x_wconf 77' lang='lat' dir='ltr'><strong>coniecturis</strong></span> <span class='ocrx_word' id='word_1_249' title='bbox 866 2665 882 2697; x_wconf 84' lang='lat' dir='ltr'><strong>u</strong></span> <span class='ocrx_word' id='word_1_250' title='bbox 901 2665 938 2697; x_wconf 90' lang='lat' dir='ltr'><strong>me</strong></span> <span class='ocrx_word' id='word_1_251' title='bbox 953 2655 1049 2700; x_wconf 83' lang='lat' dir='ltr'><strong>tentato</strong></span> 
     </span>
     <span class='ocr_line' id='line_1_30' title="bbox 83 2717 1049 2790; baseline -0.005 -16"><span class='ocrx_word' id='word_1_252' title='bbox 83 2725 220 2790; x_wconf 83' lang='lat' dir='ltr'><strong>praestitit</strong></span> <span class='ocrx_word' id='word_1_253' title='bbox 243 2723 269 2772; x_wconf 88' lang='lat' dir='ltr'><em>V</em></span> <span class='ocrx_word' id='word_1_254' title='bbox 271 2717 299 2782; x_wconf 49' lang='grc' dir='ltr'><strong>’ἦ</strong></span> <span class='ocrx_word' id='word_1_255' title='bbox 327 2723 373 2771; x_wconf 86' lang='lat' dir='ltr'><strong>sed</strong></span> <span class='ocrx_word' id='word_1_256' title='bbox 399 2719 430 2771; x_wconf 88' lang='lat' dir='ltr'><strong>ob</strong></span> <span class='ocrx_word' id='word_1_257' title='bbox 453 2737 594 2770; x_wconf 83' lang='lat' dir='ltr'><strong>recurrens</strong></span> <span class='ocrx_word' id='word_1_258' title='bbox 608 2738 630 2772; x_wconf 86' lang='lat' dir='ltr'><strong>u.</strong></span> <span class='ocrx_word' id='word_1_259' title='bbox 646 2721 800 2786; x_wconf 89' lang='lat' dir='ltr'><strong>possessione</strong></span> <span class='ocrx_word' id='word_1_260' title='bbox 825 2727 915 2784; x_wconf 83' lang='lat' dir='ltr'><strong>aperte</strong></span> <span class='ocrx_word' id='word_1_261' title='bbox 935 2735 1049 2770; x_wconf 85' lang='lat' dir='ltr'><strong>maneus.</strong></span> 
     </span>
     <span class='ocr_line' id='line_1_31' title="bbox 87 2787 1050 2858; baseline -0.006 -12"><span class='ocrx_word' id='word_1_262' title='bbox 87 2797 169 2846; x_wconf 86' lang='lat' dir='ltr'><strong>simili</strong></span> <span class='ocrx_word' id='word_1_263' title='bbox 186 2797 359 2858; x_wconf 86' lang='lat' dir='ltr'><strong>supplemento</strong></span> <span class='ocrx_word' id='word_1_264' title='bbox 374 2793 400 2841; x_wconf 87' lang='lat' dir='ltr'><strong>ei</strong></span> <span class='ocrx_word' id='word_1_265' title='bbox 413 2791 587 2841; x_wconf 84' lang='lat' dir='ltr'><strong>subvenerunt</strong></span> <span class='ocrx_word' id='word_1_266' title='bbox 602 2791 735 2841; x_wconf 85' lang='lat' dir='ltr'><strong>Goudsmit</strong></span> <span class='ocrx_word' id='word_1_267' title='bbox 753 2799 777 2840; x_wconf 90' lang='lat' dir='ltr'><strong>et</strong></span> <span class='ocrx_word' id='word_1_268' title='bbox 795 2792 834 2840; x_wconf 88' lang='lat' dir='ltr'><strong>ed.</strong></span> <span class='ocrx_word' id='word_1_269' title='bbox 849 2789 923 2840; x_wconf 76' lang='lat' dir='ltr'><strong>stud.</strong></span> <span class='ocrx_word' id='word_1_270' title='bbox 985 2787 1005 2856; x_wconf 73' lang='lat'><strong>⁸)</strong></span> <span class='ocrx_word' id='word_1_271' title='bbox 1020 2792 1050 2840; x_wconf 89' lang='lat' dir='ltr'><strong>ab</strong></span> 
     </span>
     <span class='ocr_line' id='line_1_32' title="bbox 87 2862 1049 2930; baseline -0.003 -15"><span class='ocrx_word' id='word_1_272' title='bbox 87 2883 116 2915; x_wconf 87' lang='lat' dir='ltr'><strong>eo</strong></span> <span class='ocrx_word' id='word_1_273' title='bbox 127 2872 189 2930; x_wconf 83' lang='lat' dir='ltr'><strong>post</strong></span> <span class='ocrx_word' id='word_1_274' title='bbox 202 2862 346 2930; x_wconf 87' lang='lat' dir='ltr'><strong>p(reesrio)‚</strong></span> <span class='ocrx_word' id='word_1_275' title='bbox 362 2863 437 2927; x_wconf 83' lang='lat' dir='ltr'><strong>quusi</strong></span> <span class='ocrx_word' id='word_1_276' title='bbox 450 2863 575 2927; x_wconf 84' lang='lat' dir='ltr'><strong>seriptum</strong></span> <span class='ocrx_word' id='word_1_277' title='bbox 589 2869 654 2912; x_wconf 87' lang='lat' dir='ltr'><strong>esset</strong></span> <span class='ocrx_word' id='word_1_278' title='bbox 667 2863 762 2925; x_wconf 87' lang='lat' dir='ltr'><strong>peurio,</strong></span> <span class='ocrx_word' id='word_1_279' title='bbox 775 2863 902 2925; x_wconf 82' lang='lat' dir='ltr'><strong>sueitiime</strong></span> <span class='ocrx_word' id='word_1_280' title='bbox 922 2862 1049 2912; x_wconf 84' lang='lat' dir='ltr'><strong>librarius</strong></span> 
     </span>
     <span class='ocr_line' id='line_1_33' title="bbox 88 2931 1049 2998; baseline -0.004 -12"><span class='ocrx_word' id='word_1_281' title='bbox 88 2939 205 2987; x_wconf 90' lang='lat' dir='ltr'><strong>omittere</strong></span> <span class='ocrx_word' id='word_1_282' title='bbox 215 2941 335 2998; x_wconf 58' lang='lat' dir='ltr'><strong>poteram·</strong></span> <span class='ocrx_word' id='word_1_283' title='bbox 350 2934 445 2983; x_wconf 86' lang='lat' dir='ltr'><strong>deinde</strong></span> <span class='ocrx_word' id='word_1_284' title='bbox 461 2940 525 2996; x_wconf 83' lang='lat' dir='ltr'><strong>puto</strong></span> <span class='ocrx_word' id='word_1_285' title='bbox 538 2934 622 2996; x_wconf 85' lang='lat' dir='ltr'><strong>fuisse</strong></span> <span class='ocrx_word' id='word_1_286' title='bbox 636 2933 744 2996; x_wconf 87' lang='lat' dir='ltr'><strong>psideret</strong></span> <span class='ocrx_word' id='word_1_287' title='bbox 762 2931 926 2998; x_wconf 79' lang='lat' dir='ltr'><strong>e(niu1)u(ero)</strong></span> <span class='ocrx_word' id='word_1_288' title='bbox 946 2948 999 2982; x_wconf 88' lang='lat' dir='ltr'><strong>eum</strong></span> <span class='ocrx_word' id='word_1_289' title='bbox 1014 2960 1049 2970; x_wconf 89' lang='lat'><em>-</em></span> 
     </span>
     <span class='ocr_line' id='line_1_34' title="bbox 89 2999 1051 3072; baseline -0.003 -17"><span class='ocrx_word' id='word_1_290' title='bbox 89 3006 238 3070; x_wconf 82' lang='lat' dir='ltr'><strong>‘possideret</strong></span> <span class='ocrx_word' id='word_1_291' title='bbox 253 3003 306 3072; x_wconf 79' lang='lat' dir='ltr'><strong>(ab)</strong></span> <span class='ocrx_word' id='word_1_292' title='bbox 325 3008 404 3054; x_wconf 78' lang='lat' dir='ltr'><strong>attero</strong></span> <span class='ocrx_word' id='word_1_293' title='bbox 420 2999 485 3052; x_wconf 86' lang='lat' dir='ltr'><strong>eum&#39;</strong></span> <span class='ocrx_word' id='word_1_294' title='bbox 506 3011 531 3052; x_wconf 91' lang='lat' dir='ltr'><strong>et</strong></span> <span class='ocrx_word' id='word_1_295' title='bbox 549 3006 576 3052; x_wconf 85' lang='lat' dir='ltr'><strong>im</strong></span> <span class='ocrx_word' id='word_1_296' title='bbox 593 3005 645 3066; x_wconf 83' lang='lat' dir='ltr'><strong>fine</strong></span> <span class='ocrx_word' id='word_1_297' title='bbox 662 3000 737 3052; x_wconf 81' lang='lat' dir='ltr'><strong>‘deici</strong></span> <span class='ocrx_word' id='word_1_298' title='bbox 748 3001 844 3066; x_wconf 85' lang='lat' dir='ltr'><strong>potest&#39;</strong></span> <span class='ocrx_word' id='word_1_299' title='bbox 861 3003 900 3052; x_wconf 84' lang='lat' dir='ltr'><strong>ed.</strong></span> <span class='ocrx_word' id='word_1_300' title='bbox 915 3002 988 3052; x_wconf 85' lang='lat' dir='ltr'><strong>Stud.</strong></span> <span class='ocrx_word' id='word_1_301' title='bbox 1003 3005 1051 3052; x_wconf 86' lang='lat' dir='ltr'><strong>sed</strong></span> 
     </span>
     <span class='ocr_line' id='line_1_35' title="bbox 88 3069 1126 3141; baseline -0.004 -15"><span class='ocrx_word' id='word_1_302' title='bbox 88 3077 436 3140; x_wconf 79' lang='lat' dir='ltr'><strong>alteresputiumnomeopit.</strong></span> <span class='ocrx_word' id='word_1_303' title='bbox 488 3073 509 3141; x_wconf 85' lang='lat'><strong>⁴)</strong></span> <span class='ocrx_word' id='word_1_304' title='bbox 524 3069 743 3138; x_wconf 60' lang='lat' dir='ltr'><strong>possidemini·</strong></span> <span class='ocrx_word' id='word_1_305' title='bbox 783 3071 803 3140; x_wconf 78' lang='lat'><strong>⁶)</strong></span> <span class='ocrx_word' id='word_1_306' title='bbox 818 3071 1048 3139; x_wconf 70' lang='lat' dir='ltr'><strong>EarFittimyiiej„</strong></span> <span class='ocrx_word' id='word_1_307' title='bbox 1122 3125 1126 3132; x_wconf 74' lang='grc'><em>,</em></span> 
     </span>
     <span class='ocr_line' id='line_1_36' title="bbox 88 3146 511 3199; baseline -0.007 0"><span class='ocrx_word' id='word_1_308' title='bbox 88 3151 132 3199; x_wconf 88' lang='lat' dir='ltr'><strong>eui</strong></span> <span class='ocrx_word' id='word_1_309' title='bbox 146 3149 224 3198; x_wconf 86' lang='lat' dir='ltr'><strong>etium</strong></span> <span class='ocrx_word' id='word_1_310' title='bbox 237 3154 315 3196; x_wconf 85' lang='lat' dir='ltr'><strong>unteu</strong></span> <span class='ocrx_word' id='word_1_311' title='bbox 328 3161 383 3194; x_wconf 90' lang='lat' dir='ltr'><strong>eum</strong></span> <span class='ocrx_word' id='word_1_312' title='bbox 397 3146 511 3196; x_wconf 84' lang='lat' dir='ltr'><strong>debetur.</strong></span> 
     </span>
    </p>
   </div>
   <div class='ocr_carea' id='block_1_4' title="bbox 88 3317 1048 3602">
    <p class='ocr_par' dir='ltr' id='par_1_4' title="bbox 88 3317 1048 3602">
     <span class='ocr_line' id='line_1_37' title="bbox 160 3317 1048 3392; baseline -0.006 -18"><span class='ocrx_word' id='word_1_313' title='bbox 160 3319 186 3392; x_wconf 66' lang='grc' dir='ltr'><strong>ξ.</strong></span> <span class='ocrx_word' id='word_1_314' title='bbox 202 3325 262 3374; x_wconf 79' lang='grc'>154.</span> <span class='ocrx_word' id='word_1_315' title='bbox 288 3321 363 3386; x_wconf 62' lang='lat'><em>0125.</em></span> <span class='ocrx_word' id='word_1_316' title='bbox 378 3335 399 3373; x_wconf 80' lang='grc'><strong>6,</strong></span> <span class='ocrx_word' id='word_1_317' title='bbox 415 3321 438 3371; x_wconf 88' lang='grc' dir='ltr'><strong>Ι.</strong></span> <span class='ocrx_word' id='word_1_318' title='bbox 453 3321 486 3371; x_wconf 90' lang='lat' dir='ltr'><strong>ib.</strong></span> <span class='ocrx_word' id='word_1_319' title='bbox 501 3322 561 3373; x_wconf 82' lang='lat' dir='ltr'><strong>L.1</strong></span> <span class='ocrx_word' id='word_1_320' title='bbox 577 3339 622 3386; x_wconf 85' lang='lat' dir='ltr'><strong>pr.</strong></span> <span class='ocrx_word' id='word_1_321' title='bbox 642 3322 673 3369; x_wconf 87' lang='lat' dir='ltr'><strong>D.</strong></span> <span class='ocrx_word' id='word_1_322' title='bbox 694 3322 726 3369; x_wconf 85' lang='lat' dir='ltr'><strong>de</strong></span> <span class='ocrx_word' id='word_1_323' title='bbox 745 3322 771 3385; x_wconf 80' lang='lat' dir='ltr'><strong>ui</strong></span> <span class='ocrx_word' id='word_1_324' title='bbox 789 3317 834 3385; x_wconf 79' lang='lat'><strong>(48,</strong></span> <span class='ocrx_word' id='word_1_325' title='bbox 849 3317 893 3384; x_wconf 84' lang='lat'>16).</span> <span class='ocrx_word' id='word_1_326' title='bbox 928 3319 980 3368; x_wconf 83' lang='lat' dir='ltr'><strong>Cie.</strong></span> <span class='ocrx_word' id='word_1_327' title='bbox 996 3334 1048 3382; x_wconf 90' lang='lat' dir='ltr'><strong>pro</strong></span> 
     </span>
     <span class='ocr_line' id='line_1_38' title="bbox 92 3391 1047 3456; baseline -0.007 -11"><span class='ocrx_word' id='word_1_328' title='bbox 92 3397 166 3454; x_wconf 77' lang='lat' dir='ltr'><strong>Osee.</strong></span> <span class='ocrx_word' id='word_1_329' title='bbox 181 3405 216 3453; x_wconf 81' lang='lat' dir='ltr'><strong>ts,</strong></span> <span class='ocrx_word' id='word_1_330' title='bbox 230 3405 264 3446; x_wconf 85' lang='lat' dir='ltr'><strong>st.</strong></span> <span class='ocrx_word' id='word_1_331' title='bbox 279 3405 313 3444; x_wconf 73' lang='lat' dir='ltr'><strong>ss.</strong></span> <span class='ocrx_word' id='word_1_332' title='bbox 324 3407 376 3456; x_wconf 86' lang='lat' dir='ltr'><strong>pro</strong></span> <span class='ocrx_word' id='word_1_333' title='bbox 395 3393 460 3442; x_wconf 76' lang='lat' dir='ltr'><strong>tuti.</strong></span> <span class='ocrx_word' id='word_1_334' title='bbox 471 3405 504 3443; x_wconf 77' lang='lat'><strong>29.</strong></span> <span class='ocrx_word' id='word_1_335' title='bbox 518 3405 546 3444; x_wconf 79' lang='lat'><strong>44</strong></span> <span class='ocrx_word' id='word_1_336' title='bbox 559 3408 610 3456; x_wconf 85' lang='lat' dir='ltr'><strong>seq.</strong></span> <span class='ocrx_word' id='word_1_337' title='bbox 626 3393 662 3440; x_wconf 79' lang='lat' dir='ltr'><strong>act</strong></span> <span class='ocrx_word' id='word_1_338' title='bbox 672 3393 755 3455; x_wconf 80' lang='lat' dir='ltr'><strong>sumit.</strong></span> <span class='ocrx_word' id='word_1_339' title='bbox 766 3403 787 3449; x_wconf 81' lang='lat' dir='ltr'><strong>t,</strong></span> <span class='ocrx_word' id='word_1_340' title='bbox 803 3402 836 3442; x_wconf 77' lang='lat' dir='ltr'><strong>ts.</strong></span> <span class='ocrx_word' id='word_1_341' title='bbox 851 3391 882 3438; x_wconf 82' lang='lat' dir='ltr'><strong>cte</strong></span> <span class='ocrx_word' id='word_1_342' title='bbox 896 3397 962 3439; x_wconf 83' lang='lat' dir='ltr'><strong>orat.</strong></span> <span class='ocrx_word' id='word_1_343' title='bbox 978 3402 998 3448; x_wconf 90' lang='lat'><strong>1,</strong></span> <span class='ocrx_word' id='word_1_344' title='bbox 1015 3402 1047 3440; x_wconf 87' lang='lat'><strong>10.</strong></span> 
     </span>
     <span class='ocr_line' id='line_1_39' title="bbox 89 3460 1047 3530; baseline -0.008 -12"><span class='ocrx_word' id='word_1_345' title='bbox 89 3469 112 3529; x_wconf 76' lang='lat'><strong>§-</strong></span> <span class='ocrx_word' id='word_1_346' title='bbox 127 3478 162 3518; x_wconf 77' lang='lat'><strong>41.</strong></span> <span class='ocrx_word' id='word_1_347' title='bbox 179 3465 254 3514; x_wconf 86' lang='lat' dir='ltr'><strong><em>Paul.</em></strong></span> <span class='ocrx_word' id='word_1_348' title='bbox 265 3476 286 3524; x_wconf 79' lang='lat'><strong>5,</strong></span> <span class='ocrx_word' id='word_1_349' title='bbox 301 3476 321 3515; x_wconf 82' lang='grc'><strong>6.</strong></span> <span class='ocrx_word' id='word_1_350' title='bbox 337 3465 378 3526; x_wconf 63' lang='grc' dir='ltr'><strong>ἐξ.</strong></span> <span class='ocrx_word' id='word_1_351' title='bbox 388 3475 457 3516; x_wconf 78' lang='lat' dir='ltr'><strong>e-tt,</strong></span> <span class='ocrx_word' id='word_1_352' title='bbox 534 3460 559 3530; x_wconf 63' lang='grc' dir='ltr'><strong>ξ.</strong></span> <span class='ocrx_word' id='word_1_353' title='bbox 576 3465 634 3514; x_wconf 80' lang='grc'>155.</span> <span class='ocrx_word' id='word_1_354' title='bbox 657 3462 695 3524; x_wconf 80' lang='lat' dir='ltr'><strong>Cf.</strong></span> <span class='ocrx_word' id='word_1_355' title='bbox 714 3461 765 3512; x_wconf 81' lang='lat' dir='ltr'><strong>Oie.</strong></span> <span class='ocrx_word' id='word_1_356' title='bbox 776 3476 828 3524; x_wconf 85' lang='lat' dir='ltr'><strong>pro</strong></span> <span class='ocrx_word' id='word_1_357' title='bbox 845 3460 918 3511; x_wconf 79' lang='lat' dir='ltr'><strong>Cuee.</strong></span> <span class='ocrx_word' id='word_1_358' title='bbox 929 3472 950 3512; x_wconf 86' lang='grc'><strong>8.</strong></span> <span class='ocrx_word' id='word_1_359' title='bbox 961 3473 986 3510; x_wconf 76' lang='lat'><strong>12</strong></span> <span class='ocrx_word' id='word_1_360' title='bbox 995 3475 1047 3525; x_wconf 85' lang='lat' dir='ltr'><strong>seq.</strong></span> 
     </span>
     <span class='ocr_line' id='line_1_40' title="bbox 88 3529 1012 3602; baseline -0.01 -14"><span class='ocrx_word' id='word_1_361' title='bbox 88 3549 114 3589; x_wconf 79' lang='lat' dir='ltr'><strong>sn</strong></span> <span class='ocrx_word' id='word_1_362' title='bbox 129 3551 181 3600; x_wconf 84' lang='lat' dir='ltr'><strong>seq.</strong></span> <span class='ocrx_word' id='word_1_363' title='bbox 192 3551 244 3600; x_wconf 83' lang='lat' dir='ltr'><strong>pm</strong></span> <span class='ocrx_word' id='word_1_364' title='bbox 263 3535 328 3602; x_wconf 67' lang='lat' dir='ltr'><strong>Tuti.</strong></span> <span class='ocrx_word' id='word_1_365' title='bbox 343 3547 377 3588; x_wconf 81' lang='lat' dir='ltr'><strong>ss.</strong></span> <span class='ocrx_word' id='word_1_366' title='bbox 391 3547 426 3586; x_wconf 74' lang='lat'><strong>4⁴.</strong></span> <span class='ocrx_word' id='word_1_367' title='bbox 441 3534 473 3582; x_wconf 77' lang='lat' dir='ltr'><strong>L.</strong></span> <span class='ocrx_word' id='word_1_368' title='bbox 488 3546 509 3585; x_wconf 86' lang='lat' dir='ltr'><strong>e.</strong></span> <span class='ocrx_word' id='word_1_369' title='bbox 523 3536 563 3597; x_wconf 60' lang='grc' dir='ltr'><strong>ἐξ.</strong></span> <span class='ocrx_word' id='word_1_370' title='bbox 578 3544 660 3584; x_wconf 79' lang='lat' dir='ltr'><strong>e-ne.</strong></span> <span class='ocrx_word' id='word_1_371' title='bbox 676 3531 708 3583; x_wconf 84' lang='lat' dir='ltr'><strong>L.</strong></span> <span class='ocrx_word' id='word_1_372' title='bbox 724 3544 758 3583; x_wconf 66' lang='grc' dir='ltr'><strong>ιι.</strong></span> <span class='ocrx_word' id='word_1_373' title='bbox 773 3531 806 3581; x_wconf 81' lang='lat' dir='ltr'><strong>D.</strong></span> <span class='ocrx_word' id='word_1_374' title='bbox 821 3532 853 3580; x_wconf 88' lang='lat' dir='ltr'><strong>cte</strong></span> <span class='ocrx_word' id='word_1_375' title='bbox 867 3532 893 3580; x_wconf 84' lang='lat' dir='ltr'><strong>m·</strong></span> <span class='ocrx_word' id='word_1_376' title='bbox 907 3529 951 3597; x_wconf 78' lang='lat' dir='ltr'><strong>(te,</strong></span> <span class='ocrx_word' id='word_1_377' title='bbox 966 3532 1012 3597; x_wconf 79' lang='lat' dir='ltr'><strong>te).</strong></span> 
     </span>
    </p>
   </div>
   <div class='ocr_carea' id='block_1_5' title="bbox 0 0 1258 3972">
    <p class='ocr_par' dir='ltr' id='par_1_5' title="bbox 0 0 1258 3972">
     <span class='ocr_line' id='line_1_41' title="bbox 0 0 1258 3972; baseline 0 0"><span class='ocrx_word' id='word_1_378' title='bbox 0 0 1258 3972; x_wconf 95' lang='lat' dir='ltr'><strong> </strong></span> 
     </span>
    </p>
   </div>
  </div>
 </body>
</html>
