2470 3972
201 205 268 270 244
369 204 376 220 ⁸
513 223 571 260 osu
589 225 683 260 marra.
703 207 750 260 IV.
772 213 844 262 131⁸.

200 357 274 412 tione
297 363 356 425 est,
379 355 455 411 uelut
478 371 537 410 eum
560 356 587 410 in
609 355 734 429 singulos
757 373 842 412 annos
864 356 910 414 uel
933 372 1040 412 meuses
1062 364 1163 412 certam

199 441 340 513 pecuniam
357 439 478 512 stipulati
494 439 639 496 fuerimus:
660 456 721 496 nam
743 439 828 496 libitis
843 437 1008 513 quibusdam
1023 441 1100 496 aunis
1117 447 1164 494 aut

198 523 346 590 mensibus,
362 519 442 580 huius
458 523 567 596 quidem
583 526 715 597 temporis
730 527 869 598 pecuniam
889 525 1022 598 praestari
1041 533 1165 597 oportet,

196 607 353 664 futurorum
376 617 463 664 antem
487 625 619 664 annorum
649 625 713 664 sana
736 608 844 682 quidem
868 608 999 682 obligatio
1023 615 1165 664 contracta

196 691 378 765 intellegitur,
395 693 541 766 praestatio
561 709 628 750 uero
644 691 733 750 adhuc
754 692 828 750 nulla
844 702 900 756 est:
924 693 946 748 si
962 687 1031 767 ergo
1047 691 1165 748 uelimus

196 776 223 832 id
239 777 357 849 quidem,
373 776 447 849 quod
463 777 593 849 praestari
610 785 729 850 oportet,
750 784 842 850 petere
865 786 894 834 et
916 779 944 832 in
966 777 1096 832 iudicium
1119 776 1166 831 de-

129 888 146 930 .‘
197 861 305 929 ducere,
323 861 440 916 loturam
464 878 530 916 uero
552 859 724 934 obligationis
745 863 952 934 praestationem
974 862 1011 916 'in
1033 854 1162 934 integro¹

196 944 362 1017 relinquere,
385 961 496 1002 necesse
519 953 570 1015 est,
594 953 624 1000 ut
646 962 706 1004 cum
730 946 779 1002 hac
801 936 1016 1019 praescriptione
1035 961 1166 1018 agamus:

196 1045 238 1086 ua
251 1043 310 1085 aas
323 1043 461 1100 boante,
478 1045 568 1086 ortvs
583 1047 638 1086 aar
653 1045 727 1086 ntus
742 1045 834 1086 uvir:
857 1029 978 1102 alioquin
1001 1029 1024 1084 si
1039 1031 1101 1085 sine
1116 1029 1167 1086 hac

198 1114 412 1188 praescriptione
435 1113 587 1186 egerimus,
618 1131 649 1168 ea
671 1113 775 1170 scilicet
797 1113 929 1184 iormuba,
953 1129 1005 1186 qua
1027 1114 1166 1169 incertum

128 1198 329 1271 saapctimns,
350 1194 355 1270 i
375 1199 452 1254 cuius
474 1199 589 1254 intentio
605 1193 646 1254 bis
662 1196 752 1254 uerbis
773 1207 904 1270 concepta
925 1206 981 1254 est:
1006 1213 1166 1262 ovroovm

139 1283 184 1320 Μ·
198 1297 302 1339 runnu
325 1297 490 1340 uvuunrvu
514 1297 671 1340 uuutnrvu
691 1297 772 1340 avoo
795 1297 913 1340 anneto
935 1298 1020 1339 onon
1042 1297 1166 1339 racana

198 1383 376 1437 oronrnuu,
394 1375 477 1422 totam
494 1366 698 1440 obligationem,
723 1366 749 1422 id
771 1377 814 1426 est
835 1366 915 1422 etiam
933 1365 1053 1422 laturam
1069 1368 1098 1421 ln
1114 1367 1167 1422 hoc

197 1449 325 1506 iudicium
341 1450 509 1520 deducimus,
527 1459 555 1506 et
575 1451 647 1524 quod
664 1458 725 1506 aute
747 1459 861 1524 temtpus
878 1449 1060 1524 obligationis
1075 1466 1167 1506 emen-

198 1551 257 1590 sum
271 1538 371 1606 petitio
386 1534 465 1590 nullo
485 1533 566 1590 modo
588 1533 652 1590 lieri
673 1551 712 1592 erc
735 1550 765 1590 ea
783 1543 874 1608 potest
893 1551 948 1600 nec
964 1543 1008 1591 est
1023 1537 1167 1607 permissa,

198 1621 336 1691 reliquum
356 1612 535 1690 perdimus.²
579 1615 655 1676 131⁸.
677 1620 757 1680 litem
774 1620 797 1674 si
817 1617 892 1674 uerbi
913 1620 1002 1692 gratia
1022 1635 1056 1674 en
1072 1627 1221 1692 emptorem

201 1823 205 1838 ¹
273 1819 292 1889 ι)
305 1821 410 1886 Scripsi
424 1839 459 1872 era
473 1825 506 1886 φ’.
522 1839 544 1871 o.
560 1823 586 1872 d.
600 1823 707 1874 Hoeven
722 1823 858 1889 (Zeitscbr.
871 1824 894 1886 f.
909 1823 941 1872 lt.
954 1823 983 1872 G.
1000 1823 1064 1872 VII.
1076 1839 1105 1887 p.
1117 1823 1166 1888 259)

198 1901 224 1944 et
237 1893 359 1956 Radorfii
368 1893 503 1957 probabili
516 1891 596 1959 (nano
615 1895 641 1942 V
643 1890 664 1926 ’ὓ
674 1893 790 1962 firmata)
805 1897 862 1945 coll.
876 1893 934 1944 (lai.
944 1906 970 1954 4,
984 1905 1018 1946 58.
1044 1895 1078 1943 L.
1088 1907 1117 1945 44
1122 1909 1165 1958 pr.

199 1966 232 2014 D.
252 1966 315 2029 fam.
336 1981 388 2016 ere.
409 1963 454 2026 (10,
469 1963 500 2030 a).
530 1965 555 2013 in
569 1965 662 2014 incerto
679 1967 704 2016 0.
720 1967 777 2016 edd.
793 1968 869 2016 etiam
883 1981 953 2014 meae
968 1977 987 2016 1.
1004 1976 1025 2015 2.
1081 1962 1102 2031 ¹)
1122 1964 1166 2014 Sia

195 2043 257 2099 post
266 2037 397 2100 cognitam
412 2035 439 2082 V
441 2031 462 2066 'i
475 2037 579 2084 restitui
593 2038 770 2086 uerisimiliter
778 2051 857 2102 posse
867 2038 948 2084 visum
962 2043 1008 2085 est.
1029 2036 1066 2100 af.
1080 2049 1104 2095 a,
1119 2047 1166 2087 151.

199 2121 243 2155 nec
259 2107 328 2154 datur
341 2120 385 2154 nec
401 2106 453 2154 dari
467 2111 555 2168 potest.
583 2105 715 2172 Scriptum
725 2109 811 2171 fnisse
821 2114 901 2170 pata:
919 2107 1001 2171 paule
1012 2113 1094 2171 teipus
1106 2107 1167 2156 obli-

199 2177 301 2240 gationis
320 2174 465 2242 emens(um)
485 2174 592 2243 petit(io)
607 2177 670 2226 nullo
685 2176 778 2244 m(odo)
794 2179 846 2226 beri
860 2193 889 2226 ex
903 2192 930 2226 ca
943 2175 947 2229 Ι
958 2176 1086 2244 p(ot)e(st)
1101 2176 1166 2242 u(ec)

199 2247 258 2314 e(st)
276 2245 417 2314 p(er)missa
431 2247 533 2312 reliqum
551 2247 703 2318 p(er)tlimus.
733 2249 802 2298 Nullo
817 2249 887 2298 modo
902 2250 1038 2314 inteilepe:
1056 2265 1107 2298 nec
1121 2265 1166 2298 na·

198 2319 320 2368 taraiiter
334 2319 524 2382 interpellando
539 2335 586 2368 nea
603 2321 716 2369 civiliter
731 2321 758 2368 in
773 2321 831 2368 iare
841 2321 962 2384 petenda,
976 2335 1025 2368 nec
1040 2335 1166 2384 eapresse

197 2392 246 2440 neo
256 2391 334 2438 tacite
344 2391 446 2440 ineerta
456 2391 604 2448 intentione,
620 2406 700 2456 neque
709 2393 757 2449 sic,
772 2398 800 2440 at
813 2392 970 2440 interasarii
984 2391 1166 2441 deductionem

193 2462 253 2524 pati
270 2461 382 2509 velimus.

200 2663 284 2698 naara
294 2648 459 2711 possessione
473 2647 604 2697 medenda
622 2645 656 2712 (5.
672 2645 753 2711 amb),
766 2653 872 2710 poterat
885 2647 1031 2709 defuturis
1042 2655 1164 2710 praesia·

200 2718 314 2768 tionibus
327 2719 404 2768 simul
418 2717 454 2766 ad
467 2719 679 2781 interponendam
689 2719 833 2768 cantionem
842 2719 887 2782 api
902 2715 944 2782 (L.
954 2729 989 2767 41.
1009 2717 1042 2766 D.
1055 2719 1088 2766 de
1099 2719 1164 2766 indi·

201 2791 250 2840 oiis
260 2799 281 2846 o,
292 2801 312 2838 1.
333 2789 385 2840 Cic.
396 2803 449 2851 pro
460 2787 537 2838 Raso.
550 2788 615 2840 Com.
626 2801 648 2846 a,
658 2785 695 2853 11)
706 2788 814 2853 ideoque
824 2789 1003 2852 praescriptio
1013 2791 1164 2838 necessaria

201 2875 253 2909 non
267 2866 333 2908 erat,
362 2874 389 2908 ea
404 2875 439 2910 sc.
454 2860 523 2910 lorm.
539 2875 561 2922 q.
578 2856 638 2926 ino]
654 2859 689 2922 af.
703 2859 736 2908 L.
747 2869 781 2910 ta.
800 2860 824 2920 ἓ.
834 2871 856 2910 a.
875 2859 907 2907 D.
922 2859 954 2908 de
968 2858 1038 2908 verb.
1054 2859 1105 2914 obl.
1119 2857 1164 2924 (45,

200 2928 231 2996 1).
260 2931 396 2992 supra·§§.
412 2940 496 2981 41.54.
547 2925 572 2996 ξ.
589 2932 663 2982 131⁸.
689 2929 727 2992 Cf.
747 2929 779 2978 L.
794 2941 828 2981 48.
851 2930 875 2992 ἕ.
891 2941 909 2980 t.
935 2929 967 2978 D.
982 2929 1015 2978 de
1029 2931 1109 2981 aedil.
1123 2930 1163 2978 ed.

201 2999 245 3065 (nt,
254 2998 285 3066 1),
296 2999 348 3062 abi,
358 3002 420 3064 qaia
431 3002 458 3050 in
465 3001 565 3062 factum
575 3002 644 3050 actio
655 3007 746 3050 enatet
756 3003 848 3051 iterum
858 3003 946 3066 apenti
960 3001 1015 3050 doli
1024 3003 1163 3064 replicatio

196 3069 353 3135 proficiebat
366 3068 412 3136 (cf.
429 3071 465 3122 ad
478 3071 501 3132 ἓ.
517 3069 574 3135 131),
589 3073 650 3120 sola*
655 3071 806 3134 praedictio
820 3070 979 3134 sufficiebat,
994 3087 1026 3120 ne
1041 3073 1074 3120 de
1084 3073 1163 3121 omni-

201 3142 248 3192 bus
261 3143 333 3192 uitiis
347 3148 431 3192 aarum
445 3142 649 3192 esseoideretar.
672 3140 771 3190 Similis
786 3144 865 3190 estin
880 3157 934 3190 rent
948 3144 1017 3192 actio
1032 3140 1085 3207 (oei
1099 3143 1164 3191 certi

201 3213 332 3262 condictio
346 3214 428 3276 §.pub
444 3209 480 3278 55)
494 3227 529 3262 en
543 3213 653 3275 speciali
667 3228 756 3262 cansa.
781 3212 813 3261 L.
829 3225 863 3264 11.
883 3214 907 3274 6.
919 3224 939 3262 a.
959 3213 992 3261 D.
1007 3213 1040 3262 de
1051 3228 1109 3262 exc.
1123 3214 1164 3261 rei

201 3283 255 3334 iad.
271 3290 316 3346 (tt,
331 3281 362 3349 t).
391 3281 454 3334 Item
468 3284 493 3333 si
506 3283 571 3347 qaid
583 3290 661 3333 ecctra
675 3284 792 3354 ordinem
802 3285 911 3346 petitur.
935 3283 967 3332 L.
983 3295 1009 3334 ‘18
1019 3299 1064 3346 pr.
1084 3284 1117 3332 1).
1131 3284 1162 3331 de

202 3356 251 3419 lep.
265 3365 286 3404 2.
310 3361 336 3402 ut
345 3360 429 3416 postea
439 3349 500 3420 eto]
516 3369 572 3402 cam
583 3354 655 3416 forte
665 3356 796 3414 conuenit,
811 3361 839 3407 nt
849 3361 941 3418 postca
950 3355 1111 3412 traderetur,
1124 3356 1162 3403 ael

203 3439 259 3480 cnm
273 3425 377 3472 interim
391 3425 519 3473 intererat
531 3427 643 3483 actoris,
662 3439 693 3474 ne
709 3427 819 3490 pipnari
832 3425 961 3490 oottparet
974 3425 1104 3483 venditor,
1124 3427 1162 3474 ael

221 3509 234 3541 e
253 3494 397 3544 creditores
415 3495 471 3542 eins
490 3495 686 3544 immitterentur
704 3504 729 3544 et
746 3497 893 3545 uenderent.
924 3494 977 3544 Nea
997 3497 1023 3544 in
1039 3496 1162 3545 eiusmodi

232 3561 308 3611 sibus
322 3563 429 3613 nocebat
443 3566 562 3627 exceptio
582 3567 638 3614 litis
651 3566 781 3616 dividuae.
808 3567 847 3629 Cf.
862 3569 885 3628 ξ.
901 3578 947 3617 123.
