2464 3978
347 225 516 262 enr11uen1n.
535 207 569 260 ΙΙ.
591 215 738 264 tet-155.
956 209 1018 272 Ill

124 352 191 414 162.
219 355 337 412 Heredes
358 365 446 412 autem
467 364 514 412 aut
535 357 685 414 necessarii
708 350 835 413 dicuntur
856 367 903 414 aut
925 360 967 414 sui
994 367 1021 414 et

46 441 210 496 necessarii
228 449 274 495 aut
295 442 423 496 extranei.
477 437 540 497 tue
565 441 739 497 Necessarius
760 443 838 498 heres
860 450 902 497 est
922 458 1021 499 seruus

48 541 122 580 curn
138 523 266 580 libertate
281 525 359 584 heres
374 525 533 595 institutus3
557 525 619 581 ideo
635 527 674 582 sie
688 525 851 600 appelletur,
874 527 946 600 quia,
962 528 1021 582 siue

48 609 130 664 uelit
148 609 208 664 siue
230 607 493 679 nolu,0mntmouo
514 617 714 683 postmortem
735 611 876 666 testatoris
895 611 1022 684 protinus

49 693 173 748 liberet
188 693 268 748 heres
284 701 335 748 eet.
384 689 447 751 154.
468 692 545 749 Unde
566 696 613 768 qui
632 694 776 750 facultates
797 710 859 750 suas
879 703 1021 768 suspectas

49 776 156 847 hahet,
184 776 257 832 sulet
273 791 385 834 seruum
407 779 494 850 primu
516 785 562 833 aut
582 779 703 834 secunde
726 778 870 834 ueletiam
890 779 1021 836 ulteriore

50 861 149 935 gradu
165 860 278 916 liberum
302 856 330 916 e't
345 861 471 918 heredem
493 863 646 935 instituere,
669 871 700 919 nt
720 864 744 918 si
759 861 940 918 creditoribus
956 865 1022 919 eatis

39 957 113 1000 ‘non
137 943 202 1016 fiat,
225 946 317 1018 petius
338 947 417 1001 huius
439 946 545 1002 heredis
567 961 647 1020 quam
674 948 760 1021 ipsius
787 949 926 1004 testatoris
952 946 1045 1004 buna.

51 1037 198 1100 neueant,
219 1029 247 1084 id
269 1037 327 1102 est,
350 1038 382 1086 ut
403 1031 565 1104 ignominia,
594 1047 663 1104 quae
690 1031 786 1088 accidit
808 1047 841 1087 ex
862 1032 1022 1088 uenditiene

51 1115 214 1184 hunorum,
239 1113 310 1170 hune
324 1107 559 1187 petius‘ireredern
575 1131 656 1188 quana
670 1118 759 1190 iprum
774 1123 934 1172 testatorem
956 1133 1021 1172 con·

49 1200 168 1272 tingat3
193 1214 353 1271 quamquam
368 1201 441 1272 apud
453 1197 588 1256 Fufidium
603 1197 702 1256 Sabinu
718 1200 830 1273 placeat,
852 1201 1022 1256 eximendum

52 1299 119 1339 euna
137 1299 202 1338 ense
217 1281 376 1355 ignominia,
401 1285 533 1356 quianon
548 1300 599 1339 suu
613 1285 701 1357 uitio,
716 1285 764 1339 sed
779 1285 940 1340 necessitate
956 1285 1023 1340 iuris

52 1367 197 1423 bonerum
213 1365 395 1422 uenditionem
411 1376 569 1440 pateretur3
591 1367 639 1424 sed
661 1368 714 1424 elie
729 1369 789 1424 iure
804 1369 914 1423 utimur.
961 1365 1023 1427 tet.

52 1451 111 1506 Pru
128 1451 186 1506 hee
200 1458 291 1506 tatueu
305 1451 477 1507 incommodo
492 1451 563 1508 trinu
575 1454 600 1508 ei
616 1451 787 1508 commodum
803 1459 971 1526 praestatur,
992 1461 1023 1508 ut

53 1553 96 1608 ea,
114 1551 189 1609 quae
205 1543 268 1608 pest
283 1543 398 1590 mertem
413 1537 521 1608 patruni
535 1535 586 1592 eibi
601 1537 771 1610 adquisierit,
786 1538 847 1594 siue
859 1545 921 1592 ante
935 1537 1023 1594 henu-

54 1637 120 1686 rum
142 1619 329 1675 uenditionem
351 1619 410 1674 eine
431 1630 541 1693 postea,
563 1621 615 1694 ipsi
634 1629 879 1694 reseruentureet
900 1623 1023 1694 quamuis

53 1721 110 1778 pro
133 1696 283 1778 portiene¹
306 1701 376 1758 bena
402 1705 553 1771 uenierint,
581 1707 681 1760 iterum
707 1723 739 1762 en
760 1705 922 1761 hereditaria
943 1721 1023 1762 ceusu

54 1789 132 1845 bona
155 1789 215 1844 eius
237 1803 293 1842 nen
313 1789 436 1859 uenient,
459 1789 511 1844 nisi
531 1789 554 1844 si
574 1790 642 1862 quid
661 1788 686 1844 ei
709 1805 741 1844 ex
760 1789 923 1845 terentiana
943 1805 1024 1846 eausa

55 1923 277 1933 ——-.-—-—-

57 1995 187 2057 ausertur
207 1991 313 2056 ideoque
333 1993 409 2042 etium
424 1993 524 2056 petenti
541 1991 633 2042 heredi
655 1994 710 2042 doli
729 1995 848 2056 eoeceptio
869 1997 1025 2058 opponitur,-

57 2068 99 2114 εἰη
115 2078 182 2113 vero
197 2069 304 2112 testator
318 2061 420 2112 tabulae
434 2065 577 2112 testamenti
595 2065 720 2113 inciderit
739 2061 799 2129 (quo
813 2079 876 2114 catu
890 2073 1022 2116 testamen-

58 2137 133 2186 taria
148 2133 172 2183 b.
184 2149 213 2196 p.
228 2131 324 2199 delicit)
339 2133 416 2197 idque
430 2141 520 2197 aperte
533 2149 564 2183 ea
578 2135 779 2198 tremefecerit,
799 2143 827 2184 ut
845 2137 965 2187 intestato
980 2139 1025 2187 de-

59 2208 181 2264 cederet,
205 2203 227 2253 b.
248 2218 413 2268 poaaeeaurea
431 2204 463 2254 ab
484 2206 605 2255 intestato
627 2205 742 2256 obtinent
760 2207 928 2258 hereditatem
949 2209 1025 2268 etiam

59 2279 157 2343 ieyatz's
173 2275 375 2325 concidentibus.
406 2271 506 2326 ‘vineat
527 2276 627 2340 quidem
646 2292 749 2326 neeesse
768 2283 807 2326 eet
825 2278 852 2325 iu
871 2277 1025 2328 hereditatis

56 2350 188 2412 petitione
193 2363 203 2402 ;
216 2345 263 2394 aed
273 2347 353 2408 fiaeue
367 2347 392 2394 ei
406 2348 481 2410 quati
494 2347 603 2411 indique
617 2348 721 2410 auferet
734 2348 911 2406 hereditatem,
926 2364 958 2398 ne
972 2351 1025 2399 ullo

61 2419 138 2469 modu
161 2417 199 2467 ud
219 2431 287 2476 eum,
309 2431 380 2480 quem
401 2423 508 2467 testator
529 2417 647 2466 heredem
667 2417 762 2468 habere
787 2415 891 2478 noluit',
915 2419 966 2468 Kr.
988 2421 1025 2484 ef.

61 2493 84 2551 §-
102 2501 143 2540 181
157 2489 203 2543 tiu.
251 2484 272 2552 ⁸)
286 2485 467 2552 Significatum
480 2503 510 2538 eo
524 2495 583 2536 erat
592 2489 714 2550 primum,
727 2489 894 2540 hereditatem
908 2491 945 2539 ad
956 2493 1026 2541 aeri-

58 2568 122 2624 ptna
135 2558 247 2608 heredes
260 2573 310 2608 nou
327 2559 462 2622 pertinere
471 2556 519 2624 ·(L.
534 2570 554 2610 e.
573 2558 606 2608 D.
621 2559 653 2608 de
667 2559 708 2608 Iria
723 2574 745 2623 q.
761 2561 859 2610 intest.
874 2561 923 2610 del.
943 2573 977 2620 ae,
991 2561 1025 2627 4),

63 2631 161 2680 deiude
177 2630 261 2686 etiam,
276 2629 345 2692 quud
354 2645 422 2679 tenne
432 2631 609 2692 corruerimus,
619 2631 754 2693 pertinere
764 2646 815 2680 nou
825 2632 861 2680 ad
870 2633 970 2694 fiscum,
979 2633 1026 2682 aed

63 2703 98 2750 ad
118 2715 177 2758 eoa,
199 2701 243 2764 qui
261 2699 293 2751 ab
312 2703 432 2750 intestato
451 2707 590 2758 uocantur,
610 2701 634 2750 ei
652 2700 701 2751 Itoe
719 2708 827 2752 testator
844 2703 974 2752 uoluisset.
990 2731 1024 2740 -

62 2772 190 2838 Sequitur
205 2772 275 2820 linea
289 2786 380 2820 uacua.
470 2767 489 2838 1)
503 2778 601 2834 prepter
615 2772 778 2822 contractione
794 2769 820 2822 U.
834 2788 879 2836 pru
894 2801 928 2810 -—
942 2801 976 2812 ·—
991 2802 1024 2812 -

65 2872 98 2879 -
115 2842 236 2893 -ssett
250 2839 299 2907 139.
334 2841 372 2904 Cf.
395 2837 500 2892 ‘Gat'ue’
517 2857 545 2906 p.
560 2854 594 2894 te.
610 2849 635 2890 et
648 2841 740 2892 Seueri.
761 2845 788 2892 iu
808 2860 829 2892 u.
850 2845 1025 2896 damnationem
1054 2892 1057 2896 .

63 2914 139 2976 infra
154 2914 182 2962 t'u
196 2913 236 2975 ἐξ.
252 2923 298 2964 tuti.
314 2924 360 2964 209.

137 3069 163 3141 ξ.
180 3075 239 3123 162.
298 3087 342 3134 pr.
361 3071 431 3120 Lde
449 3071 504 3120 Iter.
524 3071 811 3139 quai..etdiffi(t,1e).
874 3070 900 3142 ᾗ.
916 3077 975 3124 153.
991 3095 1025 3116 ==

65 3147 87 3206 ἓ.
104 3158 125 3194 1.
146 3142 213 3192 Liba
255 3138 351 3211 §.154
366 3164 400 3184 =
415 3144 439 3204 §-
450 3155 471 3192 1.
490 3141 568 3192 Leit.
584 3144 713 3205 ignominia
727 3139 788 3210 ete]
806 3143 844 3208 Cf.
855 3145 887 3194 L.
896 3155 916 3196 e.
940 3143 985 3193 Tri.
998 3144 1024 3194 0.

66 3217 97 3264 de
112 3215 187 3278 inoff.
203 3221 257 3264 teet.
273 3212 305 3279 (2,
320 3211 364 3279 19).
385 3214 632 3276 infrae,te.4,1et.
651 3214 712 3264 Lex
721 3214 771 3264 Iul.
782 3216 875 3264 munic.
890 3231 913 3264 u.
924 3226 963 3266 11⁵1
972 3230 1025 3280 aeq.

66 3285 97 3335 L.
113 3279 200 3338 tul).
217 3300 282 3349 quae
300 3286 328 3333 in
345 3285 383 3348 fr.
399 3285 469 3334 cred.
486 3282 495 3350 (
527 3322 534 3344 ,
551 3283 583 3350 8).
610 3285 661 3335 Cic.
673 3300 725 3349 pro
744 3283 1024 3350 Quint.15.§.4eeeq.

66 3357 98 3405 Ι..
112 3369 135 3408 e·
153 3355 178 3406 0.
193 3357 238 3420 qui
250 3355 308 3406 bun.
323 3357 378 3405 ced.
393 3355 425 3420 (t,
440 3354 484 3421 τι).
548 3351 874 3424 §.155.=§.1.I.cit.
903 3355 942 3419 Cf.
956 3356 988 3405 L.
1004 3371 1023 3407 1.

68 3429 89 3489 ξ.
106 3439 139 3478 18.
153 3427 187 3476 1).
202 3428 234 3477 de
247 3433 359 3490 reparat.
376 3425 420 3492 (tr,
435 3425 465 3493 e).
481 3426 513 3476 L.
529 3439 548 3478 t.
569 3429 592 3488 ἓ.
608 3437 628 3478 a.
647 3427 680 3478 D.
696 3427 727 3476 de
743 3429 834 3477 minor.
850 3423 882 3491 (t,
896 3425 928 3494 4).
953 3428 1025 3476 etiem

68 3494 176 3566 saepius]
193 3497 229 3560 Os.
247 3497 279 3546 L.
290 3510 309 3548 e.
325 3509 345 3548 t.
365 3498 398 3546 D.
413 3499 445 3547 de
460 3511 522 3548 cera.
538 3497 595 3548 bon.
611 3496 655 3562 (tt,
666 3497 698 3564 e).
717 3498 749 3547 L.
761 3509 780 3549 u.
803 3497 828 3547 0.
842 3499 874 3546 de
888 3498 944 3548 bon.
956 3506 1025 3548 auct.

70 3569 121 3618 inci.
138 3567 167 3634 (r,
183 3569 227 3634 re).
