2470 3972
313 202 371 238 ean
388 162 483 238 merra.
502 185 550 238 111.
570 191 718 243 las-124.
932 187 993 250 l'l'l

24 329 101 403 *legis
123 330 255 404 Apuleiae
275 330 437 392 beneficium
463 335 599 407 supersim
624 344 652 392 et
677 335 772 406 ntique
797 342 874 390 extra
893 334 994 398 ltaliam

33 423 174 488 superest;
193 432 254 476 nam
269 415 314 472 lex
332 416 442 490 quidem
456 416 537 474 Furia
552 427 656 474 tantum
673 419 700 473 in
715 417 796 474 ltalia
812 419 898 488 ualet,
922 421 994 493 Apu-

33 498 82 554 leia
100 515 171 556 uero
195 502 274 558 etiam
295 502 323 556 in
351 503 449 557 ceteris
469 503 628 576 prouinciis.
666 510 708 558 set
729 519 761 558 ur
782 500 819 560 'et
839 507 869 560 iu
889 499 991 561 Italio¹

32 581 196 645 beneficium
210 585 281 658 legis
293 584 421 658 Apuleiae
431 588 561 659 supersit,
576 586 655 652 ualde
665 587 824 660 'quaeritur
850 603 947 648 uerum
962 588 995 644 ad

32 662 241 738 fideiussores²
256 668 300 726 len
323 669 437 742 Apuleia
457 687 512 726 non
528 672 659 743 pertinet:
683 673 774 743 itaque
789 671 947 733 sivererlitor
962 673 994 728 alr

34 768 85 806 uno
101 761 194 810 totum
216 761 382 814 consecutus
405 753 503 822 inerit,
527 755 608 812 huius
623 755 710 818 solius
725 755 917 812 detrimentum
933 760 994 826 erit,

33 835 132 892 soilloet
148 839 172 894 si
189 839 224 908 is,
240 854 291 911 pro
307 854 362 910 quo
378 835 522 909 fideiussit‚
537 838 671 896 soluendo
686 855 742 897 non
753 841 807 896 sit:
823 839 870 894 sed
887 848 918 895 ut
932 855 973 898 eae
990 835 993 907 l

34 936 111 992 supra
126 921 210 978 dietis
225 929 348 995 apparet,
365 923 398 994 is,
414 939 428 978 a
444 939 499 996 quo
515 922 635 982 creditor
651 931 739 980 totum
754 925 833 996 petit,
845 925 949 996 polerit
964 932 1066 980 extol.

35 1005 147 1076 epistula
170 1005 229 1064 diui
249 1005 570 1076 Hadrianidesiderare,
598 1015 628 1062 ut
646 1024 697 1080 pro
719 1015 796 1081 parte
816 1009 844 1064 in
865 1023 895 1071 se
915 1007 996 1089 detur

34 1089 108 1148 aetio.
154 1086 224 1150 tea.
248 1089 391 1148 Praeterea
406 1090 469 1164 lege
485 1084 622 1152 Gieereia³
643 1099 751 1150 oautum
772 1099 831 1163 est,
847 1098 880 1175 ut
892 1093 930 1163 is,
947 1095 993 1167 qui

36 1188 182 1244 sponsores
208 1183 256 1230 aut
282 1171 517 1247 lideprnmissores
543 1175 670 1248 accipiat,
685 1175 832 1250 ,praedicat
857 1175 944 1248 palam
967 1186 993 1232 et

36 1254 166 1330 declaret,
190 1267 219 1316 et
237 1258 271 1314 de
292 1275 347 1331 qua
365 1275 395 1314 re
415 1259 483 1316 satis
504 1261 630 1333 recipiat,
652 1269 680 1316 et
701 1267 769 1332 quot
782 1275 930 1333 sponsores
947 1270 995 1316 aut

38 1337 271 1413 iidepromissores
291 1344 319 1398 in
341 1359 398 1400 eam
420 1342 619 1416 obligationem
636 1353 796 1416 accepturus
816 1345 868 1411 sit3
896 1353 923 1400 et
943 1345 995 1400 nisi

38 1425 211 1499 praedixerit,
223 1427 391 1500 permittitur
406 1426 587 1501 sponsoribus
602 1436 629 1482 et
644 1425 993 1500 fidepromissoribusintra

37 1506 99 1564 diem
118 1529 193 1569 xxx.
216 1503 410 1584 praeiudicium
432 1511 589 1584 postulare,
611 1528 665 1584 quo
681 1520 846 1585 quaeratur,
866 1528 900 1570 on
915 1528 948 1568 ex
964 1529 993 1568 ea

41 1590 94 1664 lege
108 1595 280 1667 praediolum
296 1597 348 1669 sit3
371 1603 399 1651 et
420 1597 444 1650 si
465 1595 611 1652 iudicatum
635 1595 731 1666 luerit,
754 1596 921 1670 praedictum
943 1595 992 1653 ’ito

39 1671 108 1730 uon⁴
131 1696 212 1750 esse,
235 1677 391 1738 liberantur.
430 1696 482 1756 qua
502 1680 563 1752 lege
587 1677 775 1738 fideiussorum
798 1683 899 1739 mentio
920 1681 994 1738 nulla

41 1757 78 1828 fit;
92 1762 138 1818 sed
151 1765 181 1820 in
193 1781 245 1820 usu
257 1771 309 1838 est,
321 1765 402 1820 etiam
416 1764 440 1820 si
456 1763 630 1822 fideiussores
643 1765 814 1838 accipiamus,
830 1765 992 1839 praedioere.

94 1843 161 1904 124.
184 1847 237 1904 Sed
259 1845 419 1905 heneficium
442 1848 514 1922 legis
536 1847 676 1906 Corneliae
698 1849 823 1906 omnibus
849 1865 992 1906 commune

43 1936 89 1984 est:
104 1948 158 2004 qna
173 1931 236 2006 lege
251 1931 322 1988 idem
334 1949 384 2005 pro
397 1931 493 1988 eodem
508 1933 583 2006 apud
596 1932 711 1988 eundem
726 1933 823 1990 eodem
834 1949 905 1990 auno
918 1943 993 1992 ueta-

43 2019 80 2066 tur
93 2015 119 2072 in
134 2015 295 2089 ampliorem
312 2033 442 2075 summam
458 2015 574 2089 obligari
589 2016 706 2074 oreditae
724 2019 855 2092 pecuniae
871 2035 949 2092 qoam
966 2019 992 2074 in

42 2099 179 2169 armiliam
202 2109 239 2156 et¹
254 2102 377 2173 quamuis
399 2117 546 2174 sponsores
568 2101 612 2158 uel
632 2103 813 2174 promissores
834 2102 901 2174 luel
922 2105 992 2173 fide-

44 2179 191 2255 iussores)⁵
210 2186 239 2240 in
259 2185 372 2258 amplam
393 2186 550 2258 pecuniam,
577 2185 654 2242 uelut
672 2187 828 2244 sestertium
850 2203 868 2244 e
890 2181 992 2245 milium

43 2278 69 2318 se
86 2269 289 2343 odiipeuerint‚
306 2269 410 2327 ’tomen
431 2271 578 2330 duatueot
592 2268 640 2324 Ξῖ
659 2263 829 2334 tenentum-⁶
851 2271 992 2344 pecuniam

107 2435 125 2504 ¹)
139 2439 217 2507 etiam
233 2439 284 2508 elis
302 2439 328 2486 V
330 2433 350 2470 Β*
364 2439 436 2488 etiarn
446 2436 494 2504 (iu)
510 2439 580 2488 lteliu
590 2439 630 2488 ed.
640 2437 714 2488 saud.
767 2433 788 2503 2)
807 2438 900 2490 Ultima
914 2438 993 2489 uerba

47 2528 164 2587 suppleat·
177 2529 303 2590 seriptum
315 2527 517 2589 fuisseputeoi:
531 2526 616 2589 qrit'nr
630 2527 660 2575 ad
675 2511 703 2588 ἧς
718 2541 783 2591 quae
789 2529 922 2590 posterior
932 2535 992 2576 note

47 2600 164 2655 reperitur
178 2600 206 2650 iu
221 2599 356 2648 latereulis
369 2596 482 2648 Eiuaa'dl.
515 2595 661 2660 Quaesitum
673 2597 757 2658 fuisse
771 2599 829 2648 ideo
840 2605 914 2661 puto,
925 2598 995 2661 quod

48 2662 82 2710 teu
95 2667 175 2718 Furia
190 2685 246 2720 oum
263 2675 354 2732 portes
370 2668 435 2718 dure
452 2669 578 2726 iusserat,
598 2667 749 2734 quidusdam
765 2668 945 2734 obliquationem
965 2670 992 2716 in
1052 2717 1055 2722 ,

47 2735 141 2789 solidum
159 2742 294 2790 sustulisse
313 2754 364 2789 neu
384 2739 527 2788 uidebatur.
606 2735 627 2805 ³)
642 2739 701 2790 Hoc
721 2741 787 2804 lepis
801 2754 904 2797 nomeu,
924 2741 994 2804 quod

45 2807 117 2863 urimo
130 2813 279 2876 suspicatus
291 2809 373 2872 erum,
385 2811 500 2872 firmavit
519 2807 546 2858 V
547 2804 581 2867 ⁸i;
591 2817 652 2873 post
665 2809 799 2862 edideram
811 2810 931 2874 Pompeia.

49 2870 66 2937 ⁴)
77 2892 126 2930 nam
141 2883 166 2934 0.
181 2898 230 2933 non
245 2882 304 2932 edd.
370 2877 391 2946 ⁶)
406 2881 508 2930 Addidi
524 2877 630 2930 ‘Gaius'
649 2897 676 2944 p.
692 2893 725 2952 aa.
795 2877 945 2948 ⁰)liestitui
959 2879 991 2931 id.

49 2945 65 2990 Si
77 2963 131 3002 vero
145 2954 215 3018 quod
230 2953 255 3002 0.
270 2951 419 3002 hebetante
433 2967 466 3004 ss.
482 2967 552 3000 mune
566 2951 700 3004 delendum
719 2953 781 3002 milri
799 2954 880 3004 uisum
899 2960 949 3008 est.
968 2960 993 3002 et

46 3028 87 3074 pro
101 3018 259 3074 ‘deponatur’
276 3039 333 3072 eum
347 3023 386 3072 ed.
401 3021 475 3072 Stud.
490 3023 588 3085 scripsi
604 3019 756 3074 ‘terrentur’.

50 3120 245 3138 *N—

108 3186 130 3258 d.
146 3194 205 3244 123.
225 3191 277 3252 lege
292 3187 411 3258 Cicereia]
428 3189 470 3240 Au
485 3205 509 3240 α.
525 3192 582 3242 ott?
600 3191 658 3240 Liu.
668 3203 703 3249 42,
718 3202 738 3242 t.
754 3203 787 3245 at.
809 3190 848 3252 Of.
862 3189 949 3240 Sedol.
965 3191 992 3238 iu

52 3251 94 3306 Cio.
107 3270 169 3312 oret.
184 3265 212 3312 iu
229 3261 300 3312 Clod.
320 3269 344 3312 et
365 3261 427 3311 Gur:
439 3277 468 3324 p.
484 3259 632 3316 tau-Oreii.
700 3257 725 3329 ξ
747 3263 806 3312 124.
831 3261 890 3322 tegis
909 3255 991 3327 Corn]

50 3322 305 3386 ternistatores.
339 3333 377 3396 Of.
399 3331 465 3382 Fest.
485 3347 508 3380 v.
532 3331 658 3382 eriariu
672 3348 701 3396 p.
721 3342 768 3384 ato.
799 3331 839 3384 De
858 3346 887 3380 re
906 3331 938 3380 L.
958 3343 992 3382 ts.

52 3393 70 3452 i·
85 3411 101 3450 1.
119 3402 149 3454 D.
167 3406 198 3455 de
216 3403 288 3467 fidei.
309 3401 358 3469 (te,
376 3400 407 3468 1).
426 3403 459 3452 L.
477 3415 509 3452 24.
532 3403 564 3451 D.
582 3404 613 3452 de
628 3403 715 3454 douai.
733 3401 782 3466 (es,
799 3399 831 3467 t).
857 3401 992 3453 Plutered.

54 3463 111 3520 Caes.
125 3487 156 3530 ιι.
176 3475 272 3526 Autem
288 3487 308 3526 a.
328 3475 433 3524 creditae
448 3470 576 3540 pecuniae]
592 3474 628 3536 ef.
643 3473 675 3524 L.
691 3486 710 3524 t.
731 3473 762 3522 L.
780 3485 800 3522 a.
816 3473 855 3534 ἐξ.
871 3483 940 3524 Μ.
960 3471 992 3522 L.

54 3543 133 3596 37-39.
153 3547 183 3596 D.
199 3547 230 3596 de
245 3545 297 3595 red.
314 3546 384 3596 ered.
401 3543 446 3611 (tt,
461 3542 492 3610 1).
512 3543 544 3594 L.
561 3556 600 3596 lte
609 3560 653 3607 pr.
669 3555 716 3596 att.
741 3543 773 3592 D.
793 3544 825 3594 de
840 3541 909 3596 verb.
924 3544 993 3609 ripe.
