2464 3978
362 181 420 217 oen
438 182 531 220 tusum.
550 165 597 220 111.
617 171 731 220 sti-st.
875 125 876 128 Ἴ
962 164 1025 228 147

52 312 172 382 licetur
198 313 336 370 honorum
359 317 578 384 possessiouem.
618 332 686 372 uam
716 315 925 388 elusamque,
951 328 955 380 ι
979 316 1026 387 qni

51 403 139 452 recte
151 393 236 468 facto
247 402 422 456 testamento
437 399 559 455 heredes
573 399 697 456 instituti
709 406 786 469 sunt,
803 401 853 456 dat
868 401 1026 464 secuudum

54 481 182 538 tabulas
202 483 341 539 honorum
358 483 584 554 possessionem:
608 487 673 540 item
696 485 732 540 ab
751 476 890 561 inltestata
911 483 1025 540 heredes
1036 481 1096 530 134.

53 581 130 621 suos
155 573 183 621 et
205 573 322 640 agnatos
349 567 382 624 ad
404 565 539 624 honorum
566 568 768 642 possessionem
792 576 882 628 uocat
926 567 1024 641 quihus

54 648 170 706 casibus
186 647 346 708 heneficium
362 653 420 708 eius
434 653 462 707 in
477 667 510 707 eo
525 651 586 708 solo
610 651 718 710 uidetur
738 651 855 726 aliquam
880 651 1024 712 utilitatem
1052 714 1054 720 ,

52 732 173 806 hahere,
191 741 222 790 nt
236 736 270 807 is,
286 737 333 809 qui
347 736 384 792 ita
399 735 534 792 honorum
550 738 752 811 possessionem
767 739 853 810 petit,
869 737 1024 812 interdicto,

53 819 140 874 cuius
169 820 331 892 principium
351 829 395 882 est
417 835 545 885 ovonrrt
566 836 730 892 BONORVM,
756 823 796 878 uti
816 822 920 896 possit,
946 823 1024 878 cuins

52 901 202 968 interdiani
224 919 295 978 quae
316 905 354 962 sit
372 904 491 977 utilitas,
517 921 568 962 suo
595 905 657 962 loeo
678 921 877 980 proponemus:
904 905 1024 980 alioquin

52 995 167 1044 remota
192 1004 302 1061 qnoque
322 987 458 1046 honorum
483 991 659 1064 possessione
680 989 712 1045 ad
732 1007 780 1048 eos
804 990 940 1058 hereditas
962 1006 1024 1064 per-

54 1073 129 1128 tinet
145 1073 206 1127 iore
222 1072 304 1134 ciuili·
608 1077 610 1081 '
861 1135 864 1140 ,
995 1113 996 1116 =

67 1229 69 1233 Ι
123 1151 176 1218 35.
193 1154 319 1214 Ceterum
329 1174 410 1232 saepe
421 1156 580 1232 quibusdam
590 1159 628 1214 ita
639 1158 720 1215 datur
730 1157 864 1216 bonorum
874 1160 1023 1233 possessio,

55 1248 88 1296 ut
102 1241 139 1312 is,
157 1241 203 1296 oui
217 1240 278 1298 data
293 1243 340 1314 sit,
357 1238 435 1314 (non)
452 1244 572 1316 optineat
587 1243 781 1313 hereditatem
804 1259 872 1317 quae
888 1243 1038 1300 bonorum<

55 1326 201 1398 possessio
218 1325 317 1382 dicitur
331 1328 391 1383 sine
405 1343 445 1388 re.
488 1321 537 1385 36.
559 1326 624 1382 Nam
644 1328 668 1383 si
683 1327 759 1384 uerbi
774 1328 860 1401 gratia
875 1328 934 1383 iure
950 1326 1023 1384 laeto

56 1416 227 1468 testamento
242 1409 321 1466 heres
336 1412 480 1468 institutus
495 1413 614 1480 creuerit
629 1411 816 1483 hereditatem,
832 1411 878 1467 sed
890 1410 1028 1468 honorum

57 1495 266 1566 possessionem
292 1494 442 1552 secundum
468 1494 573 1552 tahulas
599 1497 755 1565 testamenti
780 1503 873 1570 petere
895 1495 1024 1567 noluerit,

58 1587 210 1634 contentus
227 1594 278 1650 eo,
298 1579 372 1654 quod
387 1581 446 1636 inre
462 1579 535 1636 ciuili
550 1581 630 1644 heres
653 1581 705 1652 sit,
727 1579 902 1637 nihilominus
922 1581 957 1652 ii,
979 1581 1025 1653 qui

58 1662 136 1719 nullo
160 1663 236 1720 lacto
258 1672 422 1720 testamento
442 1663 475 1720 ad
496 1665 618 1721 intestati
641 1666 715 1737 honn¹
732 1673 881 1732 uocantur,
907 1671 1025 1738 possunt

58 1755 154 1819 petere
171 1745 307 1807 honorum
322 1749 542 1823 possessionem,
566 1749 614 1804 sed
636 1749 694 1806 sine
713 1765 743 1804 re
764 1749 797 1804 ad
812 1765 859 1804 eos
875 1747 1024 1806 ’hortorum

58 1824 224 1900 possessio²
241 1835 360 1906 pertinet
367 1829 460 1908 ,cnm
475 1840 638 1890 testamento
657 1834 777 1907 scriptus
798 1833 877 1888 heres
899 1834 1025 1890 euincere

60 1914 241 1972 hereditatem
262 1919 361 1990 possit.
404 1911 451 1973 37.
476 1916 547 1974 ldern
568 1918 636 1974 iuris
658 1927 716 1989 est,
737 1917 759 1972 si
781 1918 911 1974 intestato
932 1916 1024 1990 ahquo

60 2009 170 2056 mortuo
195 2017 263 2058 suns
283 2001 363 2058 heres
389 2001 510 2058 noluerit
529 2010 623 2075 petere
650 2003 786 2058 banorum
809 2001 1021 2076 possessionem,

60 2092 210 2140 contentus
229 2088 353 2160 lepitimo
372 2089 453 2144 iure.-
473 2085 550 2142 ’nam
571 2079 618 2142 et²
638 2095 739 2160 agnato
761 2088 893 2160 competit
915 2084 1022 2160 quidem

60 2165 195 2225 honorum
210 2163 383 2243 possessio,³
403 2169 451 2227 sed
466 2161 524 2226 sirie
539 2187 585 2243 re,
597 2169 599 2173 ’
612 2172 673 2244 qnia
689 2171 777 2228 euinoi
792 2169 927 2234 hereditas
943 2186 957 2224 a
972 2185 1024 2224 suo

61 2377 99 2425 uis
113 2375 285 2426 hereditatem
300 2376 358 2424 iure
372 2377 448 2426 ciuili
462 2376 539 2425 adire
553 2389 604 2424 nou
614 2381 733 2438 poterat,
753 2389 809 2424 oum
825 2373 954 2422 institutio
972 2388 1024 2424 nan
1113 2383 1116 2389 '

11 2495 14 2504 ,
63 2447 164 2498 ualebat
179 2445 211 2512 (n,
220 2456 268 2496 nan.
279 2445 346 2512 usn),
361 2447 504 2497 honorario
519 2453 601 2495 tamen
616 2447 675 2494 iure
684 2444 807 2496 bonerum
816 2457 955 2508 possessor
968 2444 1024 2508 effi·

63 2517 187 2582 edebatur,
202 2517 325 2569 uidelicet
339 2533 395 2568 cum
409 2533 426 2566 a
435 2525 562 2581 praetore
572 2512 770 2574 adiuuabatur',
780 2517 877 2578 paucis
886 2517 990 2564 mutatis
999 2523 1025 2564 et

64 2589 117 2650 ipsa
135 2590 191 2638 sint
207 2587 323 2647 Gaiana,
344 2595 373 2637 ut
391 2596 474 2638 tamea
491 2587 572 2638 Gaius
585 2594 662 2637 antea
676 2585 699 2638 b.
714 2587 903 2650 possessiouem
922 2600 956 2633 eac
974 2583 1022 2636 80.

68 2657 227 2710 Tertulliano
242 2659 356 2709 dandam
365 2673 417 2722 pra
432 2661 549 2723 exempla
564 2659 708 2723 improperari
721 2659 789 2706 iuris
798 2657 893 2706 ueteris
902 2657 1023 2719 posuisse

65 2731 183 2780 uideatur
199 2729 245 2796 (cf.
262 2729 345 2781 Gloss.
360 2729 486 2782 Teumesi
494 2745 538 2795 pr.
549 2729 572 2779 I.
582 2741 626 2787 ns
640 2735 665 2778 et
678 2736 730 2780 aot.
741 2729 777 2778 ad
789 2729 812 2790 §-
822 2727 882 2793 ³3⁸.)
896 2733 921 2776 et
930 2726 1023 2777 miride

63 2802 226 2860 perreacerit:
248 2797 386 2865 ‘Atiopuia
406 2803 448 2851 ius
466 2800 524 2851 bau.
540 2797 624 2864 poss’
645 2807 693 2850 etc.
725 2799 782 2850 Iam
801 2815 857 2848 cum
876 2799 923 2848 illa
937 2798 1023 2848 decem

66 2872 170 2922 circiter
181 2873 298 2936 efficiant
311 2887 402 2922 uersus
417 2872 443 2922 0.
464 2871 538 2930 Ver„
558 2878 676 2934 apparet,
694 2869 785 2920 Gaium
799 2871 887 2920 statim
902 2877 964 2933 past
978 2868 1023 2918 ah-

66 2943 170 2992 solutum
179 2942 242 2994 SOti
255 2943 412 2992 Tertulliani
425 2943 620 3006 expositionem,
634 2957 700 3006 quae
710 2943 812 2991 initium
826 2955 925 3006 quoque
935 2956 964 3004 p.
975 2952 1022 2992 tes.

67 3016 210 3077 occupavit,
230 3015 267 3064 ad
279 3014 348 3064 hanc
360 3016 507 3079 peueralem
521 3014 721 3076 disputationem
739 3013 771 3062 de
785 3012 909 3063 honorum
919 3026 1023 3074 posses·

67 3083 136 3142 sicne,
148 3087 292 3136 transiisse.
362 3081 381 3150 ¹)
395 3085 517 3134 hereditas
534 3084 559 3134 0.
589 3083 680 3133 licerit
699 3085 726 3132 ia
741 3083 883 3148 archetypo
899 3083 922 3131 h.
938 3097 961 3144 p.
977 3080 1022 3146 (=
1090 3103 1091 3106 ¹

67 3150 176 3204 honorum
190 3154 334 3223 possessio),
345 3171 410 3220 quae
421 3162 482 3205 uota
491 3154 557 3204 abiit
570 3156 598 3204 in
611 3156 718 3204 similem
727 3155 770 3204 h’t.
794 3154 886 3218 Itaque
901 3167 969 3202 uuna
983 3153 1023 3202 sic

68 3227 164 3290 scripsi.
192 3227 193 3230 ’
230 3223 311 3293 ¹)an
325 3227 420 3277 Hollw.
436 3228 468 3290 ej.
486 3225 743 3276 Fortassetscilicst.
810 3221 926 3290 ⁸)Nota,
947 3223 1022 3274 aliud

69 3307 111 3344 suo
124 3297 228 3357 herede,
247 3298 322 3347 aliud
336 3299 502 3362 proximiore
522 3304 618 3362 apuate
632 3298 759 3346 existente
775 3297 842 3344 iuris
853 3295 953 3358 samse,-
974 3295 1020 3343 illo

70 3378 126 3415 casu
140 3369 279 3420 uocabatur
289 3385 305 3418 a
316 3376 440 3432 praetore
451 3369 590 3434 promimus
600 3375 712 3433 appulus
723 3364 802 3416 ‘uncle
812 3362 941 3432 lepitimi',
952 3367 1020 3414 iuter

70 3469 273 3484 Ἢ-...ι-

134 3524 176 3597 §§.
192 3531 306 3580 35-37.
327 3527 366 3592 Of.
385 3527 440 3591 lltp.
457 3539 492 3587 re,
507 3541 541 3580 ιε.
560 3538 593 3587 no,
609 3539 630 3579 e.
645 3538 680 3585 rs,
694 3537 707 3577 e
721 3541 801 3589 supra
817 3537 838 3585 e,
854 3537 901 3576 us.
917 3527 977 3576 151⁸.

340 3636 345 3646 ,
752 3609 806 3666 10*
