2470 3972
212 222 275 286 182
372 246 383 262 2
489 221 722 274 uan1nsr1r.III.
744 225 893 274 utu-tte.

210 373 243 442 oi,
261 371 307 444 qui
323 369 445 438 iusserit,
461 369 513 424 soii
529 370 634 442 adquiri
651 370 821 439 existimant,
839 376 919 442 atquc
936 368 959 422 si
974 367 1128 423 nominatim
1142 367 1161 420 ei

211 455 262 510 soli
279 453 425 529 stipulatus
448 462 520 509 esset
536 469 650 522 seruus,
672 455 841 526 manciptoue
857 453 1024 524 accepisset;
1049 451 1162 506 diuersos

211 538 322 595 scholae
338 547 464 594 auctores
480 537 595 610 proinde
611 538 735 611 utrisque
752 537 857 610 adquiri
869 544 977 610 putant,
993 553 1023 592 ac
1034 536 1058 590 si
1071 534 1163 590 uuiiius

211 624 314 678 iussum
330 623 531 679 interuenisset.

275 703 342 764 166.
369 701 504 763 ¹'tottttur
518 714 607 762 antem
630 705 762 780 obligatio
782 707 929 780 praecipue
950 704 1091 761 solutione
1106 705 1165 770 eius,

211 792 284 864 quod
299 785 449 847 debeturr²
464 790 535 846 unde
552 792 703 864 quaeritur,
718 793 741 846 si
756 793 817 865 quis
834 793 1023 846 consentiente
1039 787 1165 845 creditore

169 943 172 948 ι
211 876 286 932 aliud
295 891 349 950 pro
365 876 417 931 aiio
434 875 559 945 soluerit,
574 883 667 930 utrum
682 877 742 948 ipso
758 877 817 932 iure
829 874 971 944 biberetur,
985 873 1060 946 quod
1072 873 1165 928 uostris

213 959 436 1033 praeceptoribus
458 959 564 1032 piacet,
594 975 627 1014 an
654 961 715 1032 ipso
738 961 797 1015 iure
821 957 926 1014 maneat
949 957 1105 1032 obligatus,
1131 964 1165 1012 set

212 1043 342 1100 aduersus
365 1033 502 1117 petentem
519 1045 678 1115 exceptione
694 1044 750 1100 doli
764 1044 828 1100 mali
847 1043 957 1098 defendi
972 1043 1085 1112 debeat,
1102 1039 1165 1114 quod

104 1191 107 1202 .
211 1127 334 1185 diuersae
350 1128 458 1184 scholae
474 1127 630 1184 auctoribus
648 1130 736 1184 uisum
752 1137 804 1185 est.

274 1207 340 1269 169.
364 1213 429 1268 item
445 1228 494 1286 per
509 1213 741 1285 acceptilationetn
764 1212 870 1271 tollitur
891 1209 1037 1285 obligatio:
1059 1210 1164 1282 accepti·

211 1297 277 1352 latio
294 1305 384 1354 autern
400 1305 442 1352 est
459 1296 545 1352 ueluti
560 1297 716 1370 imaginaria
740 1297 857 1353 solutio:
881 1296 954 1369 quod
976 1297 1049 1352 enim
1066 1309 1099 1350 ex
1114 1309 1166 1348 uer·

212 1381 308 1438 borum
332 1381 499 1457 obligatione
527 1379 573 1436 tibi
600 1381 727 1452 debeam,
751 1381 777 1436 id
799 1382 822 1436 si
845 1381 914 1436 uelis
937 1381 1003 1435 mibi
1026 1381 1165 1444 remittere,

142 1471 201 1520 173.
213 1468 315 1539 poterit
330 1468 368 1522 sic
385 1464 454 1538 fieri,
470 1473 500 1520 ut
516 1466 627 1539 patiaris
643 1467 708 1521 baec
720 1464 802 1520 uerba
818 1458 869 1542 mie
884 1465 992 1521 dicere:
1010 1463 1096 1528 bnon
1111 1475 1165 1518 neo

213 1565 279 1606 run
310 1564 454 1619 Pnoursr,
489 1565 629 1607 nnunsun
660 1549 844 1607 sconenvu?
876 1559 904 1606 et
933 1557 964 1604 tu
992 1547 1164 1622 respondeas:

212 1627 344 1692 nnBu0,³
388 1629 454 1694 tto.
478 1631 537 1700 Quo
561 1649 672 1707 genere,
695 1642 726 1688 ut
745 1633 870 1706 diximus,
895 1631 1018 1705 (tuntum
1033 1635 1091 1689 bae
1107 1630 1164 1688 obti-

186 1731 191 1738 ·
211 1722 342 1791 potiones
356 1721 527 1789 saturantur,
543 1733 618 1791 quae
635 1735 674 1774 erc
689 1719 787 1774 uerbis
803 1717 990 1793 consistunt,)
1014 1733 1071 1774 non
1095 1716 1165 1771 etiam

212 1813 334 1865 ceterum
354 1811 566 1860 consentaneum
582 1804 652 1858 eninr
668 1804 756 1857 uisum
773 1811 831 1870 est,
849 1801 939 1858 uerbis
956 1802 1054 1858 iactam
1071 1799 1165 1870 obliga·

213 1888 312 1943 tionem
329 1905 411 1960 posse
434 1887 492 1943 aliis
517 1885 750 1944 nerbisdissolui:
773 1894 815 1942 set
830 1887 872 1957 id,
883 1886 964 1960 quod
980 1901 1014 1941 ex
1029 1885 1081 1941 alia
1096 1896 1165 1939 causa

212 1969 352 2041 debeatur,
369 1979 460 2044 potest
472 1973 498 2026 iu
514 1970 716 2044 stipulationem
732 1970 828 2026 deduci
840 1979 866 2025 et
882 1987 931 2044 per
941 1969 1163 2044 acceptilationeu
1173 1991 1207 2042 [pp

213 2051 360 2127 'biissotui
403 2051 462 2112 tit.
486 2053 624 2121 Quamuis
646 2071 717 2112 uero
734 2057 903 2126 dixerimus,
922 2057 1033 2126 persici
1047 2051 1164 2123 accepti·

213 2133 380 2216 ἱαίίοηεηι)4
402 2140 567 2214 imaginaria,
588 2139 740 2210 solutione,
764 2147 853 2195 tamen
877 2139 974 2194 mulier
995 2140 1055 2194 siue
1078 2134 1164 2193 tutoris

214 2225 376 2280 auctoritate
392 2230 532 2297 acceptum
548 2223 637 2280 iacere
653 2241 708 2280 non
724 2231 832 2296 potest,
851 2239 912 2280 cum
928 2223 1050 2296 alioquin
1066 2221 1134 2278 solui
1146 2217 1165 2270 ei

216 2309 274 2364 siue
290 2309 389 2364 tutoris
405 2309 567 2364 auctoritate
580 2309 678 2381 possit.
723 2303 784 2363 172.
809 2307 875 2363 item
891 2307 965 2380 quod
980 2307 1109 2377 debetur,
1124 2317 1163 2376 pro

286 2489 306 2560 ¹)
326 2493 380 2544 Vin
394 2502 444 2552 est,
464 2501 556 2544 uttam
571 2494 679 2557 abrupte
698 2493 734 2542 ad
751 2493 818 2543 banc
833 2494 967 2543 materiam
988 2491 1068 2543 Gaius
1089 2501 1164 2542 trans·

137 2605 140 2615 .
169 2595 174 2600 -
212 2566 281 2614 ierit.
310 2564 451 2628 0fi1,124.
475 2565 585 2631 Tbcopb.
601 2577 626 2622 9,
642 2571 722 2628 tepr.
751 2565 790 2614 De
809 2571 929 2629 sequente
944 2571 1023 2613 autem
1039 2565 1073 2628 cf.
1090 2575 1110 2620 4,
1124 2567 1162 2610 115.

213 2647 260 2688 116.
290 2635 358 2686 Puto
377 2638 459 2702 ipitur
475 2637 535 2700 fere
553 2636 698 2686 reccidisse:
717 2632 874 2686 ‘Videamus
892 2651 963 2684 nunc
982 2634 1074 2699 quibus
1094 2629 1163 2682 madir

213 2706 337 2772 oblipatio
351 2703 492 2757 miletum*
510 2706 636 2756 Alaricus
650 2713 675 2755 et
688 2705 852 2756 lastinianus
865 2721 954 2756 eorum
975 2708 1032 2756 loco
1047 2707 1126 2768 ipsam
1138 2700 1162 2747 (ί-

213 2779 262 2826 tuli
280 2779 476 2841 inscriptionem
494 2784 648 2841 posuerunt.
681 2776 825 2826 Librarius
843 2792 903 2826 uero
922 2777 965 2826 bic
981 2776 1042 2839 fere
1061 2771 1163 2824 rubricis

215 2846 389 2897 inscribendus
402 2851 514 2911 spatium
528 2861 636 2898 uacuum
651 2862 702 2897 nou
716 2849 864 2912 relinquere
878 2849 971 2910 coepit.
1001 2847 1039 2910 Cf.
1055 2853 1105 2896 not.
1120 2855 1161 2903 req·

217 2914 297 2983 ⁹)Eac
306 2917 392 2967 Instit.
408 2919 524 2968 debeatur
539 2919 564 2970 0.
618 2915 731 2984 ³)Qn0u
743 2919 860 2982 sequitur
875 2918 976 2967 inlust.
988 2917 1067 2966 lust:
1082 2913 1161 2966 ‘sedet

216 2988 316 3037 Graece
326 2996 413 3051 potest
427 2996 559 3052 acceptum
570 2991 639 3052 ficri,
654 2989 788 3038 dummodo
802 2989 842 3038 sie
853 2991 909 3052 fiat,
924 2995 953 3036 ut
966 2988 1073 3038 Latinis
1087 2980 1161 3036 uerbis
1209 3035 1210 3052 ,

214 3061 294 3109 solet:
308 3053 382 3124 ἔχεις
399 3052 494 3129 λαβὼν
510 3052 632 3125 δηνάρια
646 3052 734 3122 τόσας
747 3051 822 3124 ”Eum
836 3053 952 3128 inticis?
973 3059 997 3108 b.
1013 3061 1029 3108 l.
1045 3056 1162 3108 excidisse
1209 3057 1210 3094 1

174 3171 178 3178 .
215 3130 333 3186 videtum
352 3131 387 3193 cf,
402 3142 423 3189 9,
438 3142 471 3182 99.
503 3130 640 3194 Complura
654 3127 780 3180 librarius
795 3131 823 3180 iu
837 3131 886 3179 bae
897 3131 997 3194 popina
1011 3131 1101 3180 omisit.

217 3199 238 3266 ⁴)
252 3200 377 3265 Suppteoi
392 3197 498 3251 ‘Gaius’
515 3217 544 3265 p.
559 3212 592 3252 98.
623 3200 693 3250 Mire
707 3201 762 3251 alia
776 3199 839 3265 Bpii
857 3201 972 3264 suspicio
991 3200 1113 3250 admiscet
1121 3209 1161 3259 pt·
1209 3231 1210 3258 ,

212 3273 276 3334 pitu
294 3271 456 3322 debitoris
470 3273 627 3322 mentionem.
656 3269 792 3334 (Gorreceit
805 3286 922 3322 errorem
935 3271 975 3320 ed.
990 3269 1022 3336 6.)
1043 3285 1086 3334 per
1104 3277 1162 3316 acce·

217 3341 518 3408 ptilatiouemimaginaria
533 3342 651 3390 solutione
666 3339 786 3406 (dissolui
796 3377 910 3394 .......
912 3337 923 3408 ]
939 3349 1018 3390 tamen
1031 3342 1072 3390 ed.
1087 3339 1128 3404 ap.
1209 3391 1210 3414 ,

290 3503 316 3573 β.
332 3510 391 3558 168.
413 3508 452 3570 Cf.
463 3523 507 3570 pr.
523 3506 544 3556 I.
560 3507 627 3571 quib.
643 3507 708 3558 mod.
724 3507 772 3559 obl.
788 3511 841 3558 tott.
858 3507 888 3574 (s,
904 3507 947 3574 29).
974 3507 1045 3572 Epir.
1061 3519 1081 3566 9,
1096 3519 1117 3558 19
1127 3516 1160 3567 pr·
1209 3515 1210 3572 ᾗ

223 3571 245 3639 1.
261 3577 521 3638 rso.=s.1.r.u.
571 3573 598 3644 ς.
615 3579 673 3628 1at.
695 3577 733 3640 cr.
749 3570 770 3638 9,·
785 3590 818 3631 ss.
866 3574 1161 3646 §.renouentur
1209 3633 1210 3654 1
