2496 3984
207 174 250 238 52
493 191 552 227 carr
569 191 663 226 merus.
682 172 703 224 Ι.
724 177 871 226 lou-110.

207 323 252 379 uel
268 323 295 376 in
310 322 459 394 prouinciis
481 323 555 394 apud
568 321 760 394 proconsulem
779 320 934 393 legatumne
955 321 1038 376 etiam
1056 321 1179 377 feminae

204 406 295 462 solent
310 406 443 480 adoptari.
471 401 538 463 102.
552 405 618 461 ltem
634 404 795 478 inpuberem
811 407 885 478 apud
897 404 1032 478 populum
1046 405 1179 479 adoptari

208 490 352 565 aliquando
367 489 535 563 prohibitum
551 500 608 561 est,
630 489 773 562 aliquando
789 490 950 563 permissum
967 498 1026 545 est:
1049 505 1130 545 nunc
1146 507 1179 545 ex

207 575 323 648 epistula
339 576 435 648 optimi
452 576 623 648 imperatoris
639 575 784 642 Antonini,
808 589 888 646 quam
907 573 1020 646 scripsit
1034 573 1179 646 pontifici·

204 659 272 730 ltus,
287 660 311 714 si
325 661 396 715 iusta
412 676 492 715 causa
508 659 661 732 adoptionis
676 675 737 714 esse
752 658 901 732 uidebitur,
922 673 984 712 cum
1007 657 1179 731 quibusdam

205 743 408 800 condicionibus
424 746 586 818 permissum
601 751 652 797 est.
683 741 752 816 apud
769 751 921 815 praetorem
939 758 1007 798 uero
1024 752 1052 796 et
1065 743 1093 798 in
1110 760 1179 816 pro·

205 827 302 884 uinoiis
329 827 400 901 apud
427 827 619 901 proconsulem
645 827 802 901 legatumne
827 827 1023 899 cuiuscumque
1054 826 1178 900 ’lquem-

204 905 290 986 ᾳιιε)ι
313 913 410 968 aetatis
426 912 556 984 adoptare
572 927 726 984 possumus.
765 906 832 968 10³.
855 905 946 967 lllud²
961 913 1112 983 utriusque
1130 911 1177 966 ad·

205 996 324 1069 optionis
340 1012 484 1051 commune
499 1004 552 1066 est,
569 988 663 1068 quod³
678 995 755 1065 ethi,
771 997 817 1068 qui
829 1011 959 1068 generare
971 1011 1028 1050 non
1040 1006 1176 1068 possunt,

204 1079 298 1153 quales
311 1088 375 1134 sunt
391 1079 535 1153 spadones,
552 1079 681 1152 adoptare
703 1087 836 1152 possunt3
875 1077 942 1136 104.
965 1079 1089 1135 feminae
1105 1097 1175 1135 uero
1229 1081 1230 1104 ¹

182 1212 191 1230 ,
205 1163 376 1220 nullomodo
390 1164 520 1237 adoptare
536 1173 662 1236 possunt,
680 1165 741 1237 quia
753 1162 905 1235 nequidem
917 1164 1056 1218 naturales
1068 1163 1175 1220 liberos

205 1251 233 1304 in
254 1255 392 1321 potestate
413 1248 524 1304 habeut.
570 1243 638 1305 105.
662 1248 727 1304 ltem
748 1242 864 1323 'si(ue)⁴
884 1249 944 1320 quis
966 1265 1016 1321 per
1035 1248 1173 1321 populum

206 1334 265 1388 slue
284 1335 360 1406 apud
377 1341 532 1406 praetorem
553 1333 596 1389 uel
614 1335 689 1405 apud
708 1332 858 1406 praesidem
878 1334 1036 1404 prouinciae
1057 1331 1173 1406 adopta·
1230 1303 1231 1328 ³

132 1462 134 1470 .
205 1417 291 1489 uerit,
308 1426 400 1490 potest
422 1417 537 1472 eundem
554 1417 598 1472 alii
613 1419 640 1471 in
661 1417 835 1489 adoptionem
855 1415 928 1472 dare.
972 1411 1039 1474 106,
1062 1415 1128 1472 'Sed
1146 1427 1172 1472 et

206 1501 285 1571 illud,
302 1499 397 1574 (qood)
414 1494 587 1574 quaesitnm⁵
602 1509 652 1568 est,
668 1517 701 1555 an
717 1502 805 1556 minor
819 1509 885 1556 uatu
899 1502 1028 1556 maiorem
1040 1509 1109 1556 natu
1125 1500 1171 1554 ad·

205 1593 299 1657 optare
313 1586 411 1657 possit,
428 1586 572 1656 utriusque
587 1584 741 1657 adoptionis
756 1599 899 1640 commune
913 1593 966 1644 est.
1002 1582 1069 1642 107.
1091 1584 1169 1642 ’Hoc
1180 1589 1232 1658 ilii}

204 1663 296 1726 uero6
316 1670 457 1742 proprium
478 1675 521 1724 est
542 1668 600 1723 eius
621 1667 791 1742 adoptionis,
814 1685 882 1742 quae
904 1685 952 1742 per
973 1669 1106 1742 populum
1129 1667 1169 1740 fit,

206 1753 280 1828 quod
296 1755 329 1824 is,
346 1755 394 1827 qui
410 1751 512 1808 liberos
527 1754 555 1808 in
571 1760 708 1826 potestate
723 1753 820 1823 habet,
836 1755 860 1807 si
875 1770 904 1808 se
920 1753 1105 1825 adrogandum
1124 1755 1168 1809 de-

206 1839 284 1910 derit,
301 1855 356 1893 uon
371 1837 461 1894 solum
473 1839 533 1912 ipse
541 1839 672 1911 potestati
684 1837 854 1911 adrogatoris
866 1838 1009 1908 subicitur,
1026 1837 1167 1893 sedetiam
1232 1859 1233 1874 ¹

205 1921 280 1976 liberi
296 1924 354 1977 eius
370 1924 397 1976 iu
413 1923 534 1978 eiusdem
549 1919 618 1976 liunt
632 1929 770 1995 potestate
786 1929 910 1994 tanquam
927 1930 1051 1994 nepotes.
1072 1915 1079 1998 l

148 2013 192 2062 28.
266 2003 333 2062 108.
366 1998 466 2061 ⁷ll'unc
485 2009 521 2061 de
541 2007 585 2061 dis
603 2009 739 2076 personis
753 2007 915 2076 uideamus,
933 2023 1009 2078 puae
1028 2011 1058 2062 in
1079 2025 1166 2064 mano

205 2095 306 2145 nostro
322 2097 399 2145 sunt.
430 2091 507 2161 qood
521 2098 550 2146 et
564 2091 653 2162 ipsum
664 2091 706 2146 ius
718 2091 860 2164 proprium
871 2091 970 2146 ciuium
983 2090 1164 2146 Romanorum

204 2181 255 2230 est.
298 2169 365 2232 100.
392 2173 444 2230 Sed
466 2176 494 2230 iu
518 2181 655 2247 potestate
678 2175 786 2248 quidem
813 2183 840 2230 et
867 2174 978 2231 masculi
1001 2184 1030 2230 et
1052 2175 1164 2231 feminae
1233 2181 1234 2192 ¹

205 2271 265 2314 esse
288 2257 395 2326 soleut;
425 2259 452 2313 in
476 2275 582 2316 manum
605 2266 694 2314 autem
724 2259 837 2315 feminae
860 2266 964 2314 tentum
987 2262 1163 2315 conueniunt.

204 2338 263 2400 110.
286 2341 354 2397 Olim
376 2344 470 2415 itaque
493 2341 579 2398 trihus
601 2343 688 2399 modis
710 2345 737 2399 iu
754 2359 860 2398 manum
876 2343 1088 2415 conueniebant,
1103 2361 1163 2411 usu,

277 2517 297 2586 ¹)
316 2520 426 2570 Addidi.
482 2517 502 2587 2)
517 2535 583 2583 uero,
598 2521 667 2585 quod
678 2521 703 2570 0.
723 2528 748 2570 et
757 2521 814 2569 edd.
825 2521 933 2578 addunt,
948 2522 1057 2587 Dipeeto
1067 2530 1092 2572 et
1101 2523 1163 2573 Inst.

205 2594 339 2656 iacerent,
354 2607 389 2641 em
405 2594 536 2658 geminata
550 2608 565 2641 u
580 2593 651 2641 uocis
669 2593 793 2655 utriusque
807 2599 920 2650 enatum,
939 2595 1021 2642 omisi.
1082 2589 1102 2659 ³)
1121 2593 1164 2643 Er

204 2663 264 2728 Dip.
280 2671 305 2712 et
318 2663 383 2712 Inst.
398 2664 454 2727 quia
471 2663 496 2712 0.
507 2663 547 2712 ed.
557 2661 606 2727 Bp.
658 2659 679 2728 ⁴)
694 2663 715 2711 si
732 2662 757 2711 θ.
772 2663 830 2710 edd.
878 2659 900 2726 ⁶)
914 2672 951 2712 set
966 2664 1004 2712 illa
1015 2666 1124 2726 quaestio
1138 2666 1162 2715 0.

205 2733 247 2781 Set
261 2733 319 2782 illud
333 2731 444 2798 (quoque
459 2735 529 2797 qnod
541 2732 686 2798 quaesitum)
701 2735 741 2801 ed.
756 2731 804 2797 Bp.
822 2734 861 2782 illa
880 2735 989 2797 quaestio
1004 2771 1009 2782 .
1022 2771 1046 2782 ..
1062 2733 1162 2800 (omisso

205 2803 252 2867 est)
267 2810 292 2852 et
305 2805 333 2851 in
344 2805 397 2866 (ine
412 2805 547 2852 communie
561 2810 599 2851 est
612 2805 651 2852 ed.
666 2802 740 2853 Stud.
814 2800 835 2870 ⁶)
850 2803 895 2853 Em
908 2805 969 2870 urg.
984 2805 1038 2854 lllnt
1053 2803 1162 2871 (factum

204 2889 240 2922 sc.
255 2888 290 2922 ex
303 2867 361 2939 h'ai)
378 2873 403 2923 Ο.
419 2873 477 2922 edd.
536 2870 556 2939 ⁷)
571 2873 644 2923 Duos
657 2889 747 2924 verene
761 2873 884 2924 rubricae
898 2891 979 2925 consa
993 2891 1090 2926 uacuos
1102 2880 1161 2928 reli·

205 2945 291 3007 quisse
305 2944 432 2994 librarius
446 2945 557 3004 videtur,
571 2959 606 2992 ear
620 2944 712 3008 quibos
727 2961 804 2993 onom
820 2945 911 2995 nosci.
926 2948 1048 3009 explevit.

276 3100 376 3172 5102.
405 3103 443 3167 Of.
464 3103 520 3168 Uip.
535 3115 560 3162 8,
575 3116 596 3156 5.
618 3106 641 3166 ἓ.
661 3116 681 3155 e.
698 3103 719 3153 I.
735 3105 767 3153 de
786 3105 872 3168 adopt.
894 3103 994 3170 (1,11).
1021 3104 1084 3154 Geli.
1103 3109 1119 3155 l.
1139 3125 1160 3157 c.

225 3177 355 3227 ‚103.=
370 3175 402 3225 L.
418 3187 438 3225 u.
454 3177 477 3238 5.
493 3188 512 3226 1.
533 3177 576 3226 cit.
591 3177 614 3236 ξ.
630 3188 650 3226 9.
670 3175 740 3224 Lde
754 3176 840 3238 adopt.
860 3174 950 3242 (1,11).
979 3175 1016 3239 Os.
1036 3175 1092 3239 [up.
1106 3188 1125 3230 8.
1140 3191 1159 3229 t.

224 3249 306 3298 .104.
321 3269 355 3288 =
370 3248 394 3309 5.
410 3258 443 3297 ιο.
458 3246 481 3295 I.
496 3247 552 3296 eod.
574 3247 612 3308 Of.
632 3245 687 3309 Uip.
702 3258 724 3303 e,
739 3257 772 3296 ae.
819 3241 920 3313 5105.
941 3247 980 3310 Of.
995 3248 1019 3308 5.
1033 3259 1054 3298 e.
1070 3247 1159 3298 Leod.

225 3319 307 3368 .106.
325 3318 363 3382 Of.
379 3319 402 3380 5.
417 3330 438 3368 4.
459 3317 552 3367 deod.
567 3317 599 3365 L.
616 3328 649 3366 16.
664 3317 696 3365 L.
711 3329 745 3367 to.
761 3319 815 3378 51.
831 3317 864 3366 D.
879 3318 935 3368 eod.
950 3316 982 3383 (1,
997 3315 1026 3383 t).
1049 3317 1100 3367 Cic.
1109 3334 1159 3382 pro

205 3389 279 3440 domo
293 3399 326 3439 ue.
342 3401 375 3440 14.
426 3384 451 3456 ξ.
469 3391 528 3439 tot.
544 3409 577 3430 =
592 3386 624 3434 L.
636 3399 656 3437 s.
671 3389 695 3449 5.
706 3399 726 3437 e.
742 3387 775 3435 D.
789 3387 813 3436 t.
829 3395 845 3436 t.
862 3390 885 3450 5.
900 3401 933 3439 11.
947 3387 1035 3438 Leod.
1054 3387 1091 3452 Os.
1106 3388 1158 3454 Uip.

205 3471 226 3516 8,
245 3471 265 3511 8.
280 3460 312 3508 L.
328 3470 354 3511 15
364 3476 408 3523 pr.
424 3459 456 3508 L.
471 3471 498 3510 40
508 3474 555 3522 pr.
569 3458 602 3506 D.
613 3457 636 3505 lt.
647 3465 664 3507 t.
716 3453 816 3525 5108.
838 3459 876 3522 Of.
891 3461 915 3521 ξ.
930 3469 963 3510 51.
979 3459 1087 3524 Dionys.
1097 3471 1116 3520 1,
1125 3471 1157 3512 15.

206 3525 231 3595 §.
247 3532 307 3580 110.
329 3529 368 3592 Of.
382 3529 456 3579 Sero.
471 3530 507 3578 od
523 3528 615 3593 Georp.
631 3541 651 3586 1,
666 3541 699 3580 el.
719 3526 808 3577 Boetd.
823 3531 860 3578 nd
874 3529 927 3580 Cio.
946 3529 1006 3593 Top.
1021 3546 1043 3579 c.
1054 3542 1075 3582 a.
1085 3543 1158 3594 pros
