2464 3978
347 260 406 296 osu
422 260 515 297 199999.
534 244 582 298 ΙΠ.
603 247 714 300 os-ssss.
945 245 1010 310 155

37 395 80 449 sui
95 390 241 448 bonorum
256 393 458 466 possessiouem
474 409 529 448 non
545 395 662 467 petierit,
680 401 771 450 tamen
784 395 918 450 extraneis
931 395 1009 451 here·

14 477 156 549 updibus'
146 493 178 532 ιιι
207 476 286 532 bouis
309 474 462 532 Latinorum
493 479 588 550 potior
612 476 735 538 habetur.
783 472 833 534 68.
862 477 928 534 hem
956 476 1009 535 hiis

38 561 185 635 ceterique
205 562 248 616 sui
269 559 384 617 heredes
405 561 497 617 licet
489 577 548 618 sure
568 562 655 634 ciuili,
679 557 733 641 (si)
753 563 948 619 intermissos
963 579 1009 619 es·

39 645 165 702 herodoti
182 646 239 702 sios
246 630 403 744 miiitum)¹
414 644 451 701 sb
467 648 541 702 omni
556 606 707 704 hereditate
723 647 805 721 putris
829 647 872 702 sui
887 663 1008 704 summo·

39 737 175 802 nennius,
194 739 283 786 tamen
298 731 326 785 in
341 729 419 786 bouis
434 729 606 803 Latinorum,
627 733 678 788 nisi
694 732 852 788 nominatim
866 748 880 786 n
896 740 1009 805 parente

41 816 144 871 fuerint
165 813 340 884 exheredati,
362 815 483 888 potiores
506 823 586 871 esunt
611 817 745 872 extraneis
766 809 921 872 heredibus.
961 813 1009 877 67.
1063 839 1066 844 ¹

41 901 106 955 11999
129 899 166 955 sd
189 899 305 969 liberos,
328 900 373 973 qui
393 897 425 954 sb
447 899 597 956 hereditate
617 901 738 974 parentis
760 899 1006 970 serumserum,

41 983 138 1042 ’nihilo
154 987 253 1040 minus
268 977 383 1040 tomem²
399 983 468 1040 hona
481 984 639 1040 Latinorum
654 985 810 1058 pertioeut3
826 981 904 1060 ’nam
914 986 944 1042 hi
958 1001 1007 1042 ne·

43 1061 116 1143 que³ss
130 1067 293 1125 exheredati
309 1067 365 1125 9119
382 1067 462 1124 modo
478 1067 530 1125 disi
546 1077 671 1143 possunt,
688 1085 744 1125 non
763 1069 849 1145 magis
865 1085 945 1143 quum
962 1073 1010 1145 qui

43 1160 210 1210 testamento
226 1151 336 1210 silentio
352 1153 491 1226 praeteriti
507 1161 582 1212 sunt.
598 1181 600 1186 ·
615 1149 666 1210 68.
690 1151 727 1208 Es
741 1154 784 1210 his
801 1153 925 1210 omnibus
942 1157 1010 1212 sutis

44 1238 110 1294 illud
124 1245 255 1312 apparet,
272 1239 295 1293 si
310 1238 344 1309 is,
360 1239 407 1310 qui
422 1236 546 1293 Latinum
562 1231 688 1310 iecerit‚⁴
702 1241 744 1278 -'-
755 1267 1010 1281 -----
1149 1300 1153 1311 Ι

44 1315 355 1399 --υ-*ιτὶ
599 1322 786 1383 vul-21.
913 1347 916 1354 ⁴
1005 1339 1081 1389 444,

48 1411 301 1474 -κ--Ι
338 1402 389 1463 θθ.
413 1408 479 1462 hem
499 1407 568 1463 illud
582 1423 691 1480 quoque
708 1414 834 1464 constare
851 1407 970 1482 uidetur,
986 1412 1007 1464 si

45 1491 116 1546 solos
132 1491 239 1548 liberos
255 1485 305 1548 ex⁵
322 1495 327 1558 1
344 1489 495 1565 disparibus
511 1491 631 1564 partibus
647 1499 783 1566 petronus
798 1493 921 1549 heredes
943 1495 1010 1550 reli·

46 1580 154 1647 querit,
176 1577 257 1650 quod
273 1593 328 1650 pro
349 1575 700 1648 991991119911999911999,
718 1593 775 1633 non
797 1593 853 1648 pro
875 1580 1009 1636 uimiibus

47 1661 117 1716 hono
130 1663 235 1717 Latini
247 1655 357 1740 9919991
374 1661 407 1716 91
425 1676 472 1716 eos
488 1661 635 1735 pertinere,
649 1662 712 1734 quis
723 1659 799 1717 99119
810 1663 1009 1719 interueniente
1021 1679 1081 1728 145.
1166 1717 1172 1734 ,

48 1776 262 1790 *aas-

115 1830 136 1899 ⁴)
152 1832 201 1882 Em
220 1828 282 1887 V¹⁴,·
295 1827 367 1880 sed
368 1827 404 1880 si'
420 1836 446 1879 et
460 1826 559 1879 ‘etiam’
577 1831 702 1894 supplevi.
755 1825 1008 1896 ¹)SuppleoitStud.

47 1903 83 1951 ed.
97 1905 144 1954 sed
156 1905 246 1968 spatio
256 1904 376 1968 exipeute
386 1901 523 1951 addidit
489 1899 523 1967 ῑ(9
524 1899 559 1966 )99
560 1898 612 1967 (su)
673 1897 693 1966 ⁴)
709 1900 752 1950 Ita
761 1900 918 1950 Btuhmiana
928 1903 1008 1952 inter·

46 1981 161 2035 pretatus
171 1980 235 2039 post
244 1989 296 2037 pra
311 1973 375 2022 nullo
391 1971 782 2036 0.99919999119.0919999199
796 1979 887 2036 aperte
901 1975 963 2032 uuit,
977 1988 1009 2022 ne

48 2045 221 2096 exheredatos
239 2045 341 2128 quidem
358 2043 405 2095 hos
424 2045 477 2094 uilo
496 2044 570 2094 modo
590 2044 646 2094 diei
659 2053 746 2107 passe.
810 2041 831 2109 ⁴)
850 2042 1010 2094 Sententiam

50 2115 111 2166 hana
122 2117 211 2180 fuisse
225 2117 359 2178 suspicor:
372 2115 393 2163 si
408 2115 438 2172 is,
453 2115 493 2180 qui
507 2115 617 2164 Latinum
632 2115 724 2178 iecerit
740 2117 782 2164 uel
796 2115 852 2164 eius
862 2115 938 2164 liberi
946 2117 1009 2166 sali-

50 2200 94 2248 que
107 2202 130 2236 et
125 2187 255 2238 heredes
266 2186 337 2249 sacti
350 2187 457 2244 uiuant,·
471 2201 527 2236 aum
541 2185 654 2235 Latinus
669 2188 793 2244 moritur,
815 2165 882 2234 utha
895 2187 956 2235 noui
969 2201 1009 2235 se-

50 2264 121 2307 natus
140 2259 273 2309 consulto
282 2257 457 2306 introductum
475 2271 542 2314 esse,
564 2257 627 2320 qnia
649 2258 725 2306 etiam
747 2272 780 2305 eas
802 2257 857 2322 lepe
876 2251 955 2305 Iunia
974 2257 1012 2305 ad

51 2329 145 2378 eosdem
158 2329 229 2380 bana
243 2328 336 2378 Latini
345 2329 505 2392 pertineant,
520 2342 568 2377 nee
581 2329 705 2376 extranei
717 2327 826 2376 heredes
839 2327 900 2385 sint,
916 2326 1009 2391 quibus

52 2400 87 2447 oei
99 2401 153 2464 ipse
168 2401 341 2458 manumissor
356 2401 396 2450 oei
410 2398 487 2450 liberi
497 2398 636 2463 praeferri
650 2399 761 2461 possint.
789 2395 843 2448 Sed
855 2399 905 2447 etsi
919 2413 1008 2448 manu·

51 2471 138 2520 missor
152 2471 278 2522 Latinum
291 2478 418 2520 exmaneo
433 2471 558 2536 depaverit
576 2466 608 2534 (9,
623 2467 687 2535 999),
707 2467 774 2518 soro
789 2470 873 2518 losum
887 2484 940 2519 noo
954 2483 1009 2520 esse

53 2541 138 2602 uideri,
154 2542 225 2608 quod
242 2541 338 2592 liberos
351 2547 449 2591 tantum
463 2541 598 2590 extraneis
611 2538 750 2594 heredibus
766 2541 939 2604 praetulerit,-
958 2555 1010 2604 qua

53 2610 81 2658 de
94 2628 122 2662 re
136 2611 221 2663 tanuen
235 2627 287 2663 non
301 2612 398 2670 dubito,
413 2613 475 2676 quin
490 2611 662 2662 dissenserint
670 2609 736 2673 1091,
750 2611 805 2659 siue
819 2615 946 2660 extraneo
956 2612 1010 2660 sive

55 2683 96 2730 uni
111 2699 146 2733 es
164 2683 256 2734 liberis
270 2698 322 2748 per
336 2684 546 2747 praeceptionem
565 2681 678 2730 Latinus
697 2683 798 2747 tepotus
809 2681 906 2744 fuerit,
926 2687 951 2730 et
969 2681 1010 2730 his

55 2755 236 2808 sonmooersiis
248 2755 371 2804 maiorem
381 2759 484 2818 partem
493 2769 557 2818 pap.
568 2764 616 2804 ιιι.
631 2757 782 2816 ooaupotam
793 2752 886 2815 fuisse.
914 2750 1010 2818 Seque·

56 2821 143 2874 bantur
160 2825 255 2878 deinde
274 2827 343 2880 oliae
362 2825 568 2883 commouersiae,
588 2829 613 2873 et
630 2823 714 2875 inhis
725 2825 826 2886 prima,
842 2831 870 2874 ut
885 2830 963 2888 putee
986 2825 1011 2873 si

57 2892 140 2946 tiberis
153 2903 252 2947 tonnam
268 2894 407 2946 heredibus
425 2896 551 2946 institutis
570 2909 637 2944 unus
654 2909 689 2944 em
711 2896 745 2946 iis
759 2909 786 2944 se
801 2892 957 2946 dbstinuerit
970 2897 1010 2945 uel

58 2962 216 3018 hereditatem
233 2967 374 3031 spreverit,
395 2966 461 3016 bona
479 2966 573 3015 Latini
590 2965 626 3015 ad
639 2980 724 3016 omnes
742 2982 777 3015 an
796 2966 832 3015 ad
845 2981 889 3016 eos
903 2973 1010 3025 tantum,

57 3036 98 3096 qui
110 3037 216 3088 heredes
227 3038 296 3101 faeti
308 3044 368 3087 sunt
387 3034 468 3104 (quod
481 3038 569 3087 uerius
582 3035 630 3103 est)
646 3038 804 3101 pertineant.
837 3035 916 3097 Quam
931 3052 1011 3101 quae-

59 3106 157 3158 ettonem
174 3109 267 3159 deinde
285 3109 372 3158 statim
385 3110 432 3170 §us
446 3119 480 3160 99.
495 3109 629 3172 excepisse
647 3107 757 3158 uidetur.
777 3135 812 3144 —
832 3105 877 3156 Ea
886 3109 1011 3170 pauculis

60 3175 144 3237 verbis,
158 3177 309 3245 quaesatio
324 3180 351 3228 in
362 3195 390 3242 p.
406 3191 453 3230 stt.
467 3181 603 3243 superiore
618 3180 704 3244 tepere
718 3179 842 3243 oontipit,
857 3178 956 3241 partim
971 3177 1009 3226 in·

60 3249 257 3307 999119991999.
272 3251 406 3301 9.,19999
421 3250 620 3300 enimsolum
636 3265 681 3298 ..9
696 3260 734 3300 s..
747 3248 881 3297 ‚ciunuius
896 3247 920 3296 in
940 3247 1010 3296 bonis

29 3324 32 3338 ·
61 3313 247 3387 1911999999).
264 3333 339 3372 9..9
355 3321 463 3384 queritur
477 3335 506 3370 sn
521 3319 696 3370 exheredes..
712 3335 757 3368 ..9
769 3329 802 3370 99.
818 3319 865 3366 ism
880 3325 1008 3367 constat..

62 3400 81 3432 v
96 3399 147 3441 ιι.
162 3393 300 3458 dusposque
314 3392 376 3441 hone
391 3391 555 3442 latinorumo.
566 3402 618 3442 99..
629 3405 695 3440 .999
710 3389 853 3438 99911991..
869 3387 906 3438 ad
918 3403 1010 3438 eruen-

62 3456 115 3508 dum
128 3471 302 3529 argumentum
312 3478 469 3528 eur-sumque
484 3461 613 3513 orationis
626 3460 797 3524 definiendum
811 3460 858 3510 oio>
872 3459 1011 3524 quidquam

64 3527 127 3590 efflei
135 3541 225 3596 potest
282 3531 303 3602 ⁶)
317 3533 362 3583 Eae
377 3533 433 3594 V
404 3529 426 3566 11
448 3534 541 3583 unde
530 3550 557 3583 in
571 3529 918 3616 sequentibussuppiementa
928 3531 1014 3594 paulo

65 3605 176 3654 mutanda
187 3605 305 3670 fuerunt.
