2496 3984
425 251 483 286 oon
501 253 592 286 mortu.
612 233 632 286 I.
653 239 694 288 35.
996 233 1039 298 35

66 384 183 452 stituit,
206 389 237 436 ut
252 383 275 436 si
291 382 411 438 Latinus
431 383 458 437 io
480 381 545 438 urhe
567 383 687 440 triennio
708 383 853 455 pistrinum
877 384 1039 453 exercuerit,

67 469 154 542 quod
177 459 228 523 in¹
254 465 461 540 dies‘siogulos
486 483 541 522 nou
569 469 657 522 minus
679 483 758 539 quam
782 474 913 522 centenos
935 470 1041 524 modios

69 552 206 607 frumenti
220 569 238 607 s
252 544 406 623 pinsoret‚²
425 549 459 606 ud
473 552 516 606 ius
533 549 675 618 Quiritium
699 553 870 624 perueniret.
893 545 919 630 {³
932 579 1034 592 -—-
1049 553 1073 602 9.

71 654 116 692 vv.
131 628 405 711 1-3--18o
418 681 424 694 .
440 679 447 692 .
462 629 484 691 ‚⁴
499 639 623 692 minores
634 642 705 686 m
717 651 856 692 annorum
868 636 1035 706 manumissi,

72 721 97 775 si
105 721 198 776 Latini
202 719 268 776 iacti
273 727 350 791 sunt,
358 713 530 792 quoa⁵tnter
542 723 650 777 amieos
658 723 841 777 manumissis
853 737 945 778 eausa
960 721 1039 793 apua

74 804 221 861 consitium
240 805 366 874 probata
387 812 443 872 est,
462 811 566 875 postea
587 821 659 862 uero
679 809 807 862 maiores
822 812 1038 861 sassonorum

69 881 177 961 faoti,⁶
191 891 257 944 item
273 903 278 948 ι
294 891 419 945 maiores
433 895 502 937 m
515 905 658 946 annorum
673 893 736 947 idea
751 891 850 947 latini
860 891 947 966 faeti,
963 891 1041 962 quod

73 977 122 1030 uel
143 975 221 1028 inter
236 976 344 1030 amicos
358 976 405 1030 uet
419 989 591 1046 quocunque
612 977 693 1032 modo
711 976 748 1030 ab
763 991 805 1044 eo,
830 979 914 1033 cuins
930 982 1040 1031 tontum

72 1061 103 1114 in
126 1058 208 1113 bonis
228 1064 329 1130 erant,
356 1061 524 1114 manumissi
543 1066 623 1130 sunt,
645 1063 799 1116 iteratione
819 1063 865 1117 ius
885 1059 1057 1127 Quiritium⁴

75 1144 219 1214 consequi
229 1149 362 1212 possunt,
378 1144 408 1198 ia
422 1149 465 1197 est
477 1143 552 1214 fiunt
567 1147 644 1200 ciues
654 1143 776 1209 Romani,
794 1152 798 1206 Ι
814 1149 840 1200 si
853 1149 886 1213 is,
905 1149 988 1201 cuius
1000 1159 1039 1198 em

74 1231 142 1282 iure
153 1226 306 1295 Quiritium
321 1234 397 1290 sunt,
413 1230 487 1282 iuste
497 1231 745 1285 manumissionem
761 1229 910 1285 itersuorit.
939 1244 1005 1300 ergo
1017 1227 1041 1281 si

78 1327 177 1366 seruus
191 1311 220 1366 in
236 1323 241 1368 ι
258 1311 341 1366 bonis
354 1313 466 1384 quidem
478 1313 543 1380 tuis,
561 1327 601 1367 ex
611 1316 676 1368 iure
685 1310 842 1390 *Quiritium
855 1320 950 1368 autem
964 1325 1040 1366 meus

80 1401 135 1466 est,
151 1393 267 1450 latinus
283 1396 392 1474 quidem
409 1409 413 1453 ι
431 1411 445 1449 a
461 1404 488 1450 te
502 1395 563 1450 solo
573 1393 632 1452 fieri
645 1403 750 1469 potest,
766 1411 820 1452 nec
832 1399 937 1470 pariter
949 1403 1041 1452 tomen

155 1598 174 1666 ¹)
192 1597 230 1649 ‘in
246 1616 295 1664 quo
310 1597 349 1649 in'
366 1597 400 1664 ej.
416 1599 489 1649 stud.
505 1601 552 1650 sed
565 1602 647 1664 ipsum
657 1603 800 1664 pistrinum
814 1609 852 1650 est
866 1575 1043 1652 centenarium

77 1671 136 1738 (Fr.
153 1671 211 1720 Vat.
222 1669 272 1737 233)
282 1678 307 1720 et
317 1672 351 1735 of.
362 1679 439 1720 anteo
449 1686 524 1735 eoquo
534 1672 603 1720 nouis
615 1707 619 1720 .
629 1709 634 1721 .
644 1708 649 1719 .
661 1673 801 1734 portauerit.
850 1669 871 1737 ²)
889 1671 962 1732 Quod
971 1679 1042 1720 ante·

77 1743 149 1794 cedit
158 1742 182 1790 b.
192 1757 214 1791 u.
224 1744 325 1808 signum
332 1742 419 1803 fuitne
429 1757 444 1805 p
453 1745 545 1792 omisso
555 1758 567 1790 r
581 1740 626 1807 (=
634 1743 716 1804 populi
726 1743 793 1790 Rom.
805 1743 839 1805 ef.
852 1741 896 1791 Fr.
912 1741 971 1791 Vot.
982 1741 1041 1804 too.)

77 1831 113 1864 an
124 1827 218 1863 errore
227 1814 358 1876 positum?
400 1811 422 1879 3)
436 1812 500 1862 Tres
508 1815 610 1875 primos
622 1813 700 1862 buius
710 1828 773 1877 pap.
785 1829 806 1861 o.
818 1828 865 1862 neo
874 1811 948 1862 Stud.
958 1815 1043 1878 tepere

73 1886 171 1948 potuit.
203 1882 274 1944 Quae
283 1899 344 1934 vero
359 1899 393 1932 em
402 1883 566 1948 sequentibus
575 1899 597 1932 u.
608 1895 652 1933 ι..
665 1895 708 1933 .18
717 1885 817 1945 passim
831 1885 982 1946 expiscatus
996 1890 1042 1945 est,

77 1963 209 2020 postremo
218 1955 426 2005 etium·eontinuo
440 1955 511 2020 tepit,
521 1954 642 2020 probant,
655 1953 719 2003 bueo
734 1955 828 2012 omnio,
842 1961 870 2004 ut
881 1956 958 2004 etiam
970 1954 1043 2003 Krio-

76 2040 160 2092 9erus
170 2025 252 2090 (Krit.
262 2023 345 2074 Beitr.
356 2041 385 2088 p.
396 2023 445 2092 114)
456 2025 564 2087 iudicat,
575 2026 611 2074 ad
620 2025 781 2074 iterationem
791 2027 960 2088 pertinuisse,
975 2025 1043 2075 unde

79 2114 150 2146 nano
163 2097 293 2152 coniicere
301 2098 369 2154 lieet,
380 2095 472 2145 Gaium
483 2097 509 2144 in
517 2113 539 2145 o.
549 2109 574 2146 1.
585 2133 591 2145 .
601 2133 606 2144 .
616 2107 629 2146 3
641 2097 700 2159 fere
713 2097 822 2160 dixisse,
830 2097 953 2146 Latinam
962 2099 1044 2147 solam

79 2170 159 2217 etiam
178 2173 219 2216 ter
236 2168 341 2216 enimam
359 2182 394 2216 ex
412 2165 490 2226 seta,
511 2182 606 2216 omnem
620 2167 744 2216 Latinum
763 2166 885 2230 beneficio
895 2169 1044 2231 principati

80 2241 122 2288 ius
140 2235 186 2298 Qu.
202 2239 425 2302 consequimur,
446 2253 464 2286 a
478 2253 527 2301 quo
541 2238 578 2288 ud
591 2239 766 2296 iterationem,
782 2253 832 2302 qua
847 2240 902 2302 ipse
912 2246 1044 2302 patronus

80 2311 130 2360 boo
145 2308 293 2372 beneficium
307 2309 406 2371 tribuit,
418 2309 511 2372 facilis
520 2316 580 2358 erat
588 2311 723 2370 transitus,
739 2312 809 2358 uelat
821 2309 862 2358 bis
872 2309 957 2359 uerbis
967 2310 1043 2358 initio

81 2383 103 2442 ξ.
120 2391 158 2432 oo:
180 2377 234 2428 ‘Ab
247 2376 450 2443 ipsopotrano’.
519 2376 541 2446 4)
556 2379 695 2430 Restitutio
709 2381 787 2429 buius
801 2381 840 2441 §i,
856 2383 931 2430 ouius
950 2379 1043 2444 ubique

80 2452 162 2514 spatii
175 2458 201 2500 et
214 2451 379 2516 uestipiorum
398 2451 424 2500 V
426 2445 448 2482 ⁸²
461 2453 564 2500 ratione
577 2451 667 2500 babitu
677 2452 825 2513 perieulum
836 2451 903 2514 feei,
919 2466 1042 2515 quaeque,
1132 2465 1138 2469 ’

80 2525 104 2571 si
118 2522 270 2572 sententiam
282 2529 397 2585 spectus,
411 2523 476 2572 sotis
491 2528 563 2570 certa
577 2521 641 2570 mibi
659 2522 775 2579 uidetur,
793 2524 897 2570 muttum
910 2523 1044 2584 discrepat

81 2593 113 2642 ob
129 2608 173 2654 ea,
188 2608 263 2656 quom
277 2591 416 2658 Krbperus
429 2595 447 2653 l.
462 2609 484 2642 o.
504 2593 676 2658 excapitavit,
697 2598 725 2640 ut
738 2593 793 2640 atio
811 2599 924 2650 taceam,
943 2593 994 2640 iam
1013 2606 1042 2641 eo

82 2662 281 2728 improbabilem,
292 2664 361 2728 quod
370 2671 462 2714 contro
472 2664 598 2713 rationem
608 2669 633 2711 et
647 2662 752 2726 Ulpiani
761 2663 942 2712 auctoritatem
952 2677 1044 2712 nouum

81 2751 114 2784 oo
129 2736 221 2784 mirum
234 2735 275 2783 ius
290 2736 354 2799 lepis
367 2733 460 2784 Aeliae
473 2733 578 2784 Sentias
592 2733 706 2792 inducit,
725 2740 751 2782 et
771 2735 845 2783 eirca
856 2735 932 2796 finem
947 2733 980 2782 ab
993 2734 1043 2784 boo

82 2809 138 2856 iooo
149 2807 230 2868 plane
244 2807 331 2854 aliena
346 2805 377 2854 de
388 2811 546 2868 potronatus
561 2806 619 2854 inre
632 2804 697 2854 Gaio
705 2803 827 2854 obtrudit.
880 2801 900 2872 ὁ)
915 2804 956 2854 Ab
966 2806 1042 2854 initio

83 2878 109 2938 §i
122 2876 240 2926 scribens
256 2872 308 2925 ‘Ab
318 2877 375 2940 ipso
385 2883 500 2940 patrona
510 2877 598 2926 eiusne
607 2873 712 2926 berede’
725 2877 828 2926 disseris
837 2875 886 2925 boo
896 2877 953 2926 loeo
964 2875 1043 2925 aerbo

84 2945 243 2997 ‘testamento
262 2949 411 2996 manumissi
428 2954 488 2996 sunt
506 2943 558 2995 uel'
579 2947 700 2996 addendo
718 2961 772 2996 esse
792 2945 862 3012 (Uip.
882 2959 907 3006 1,
927 2959 960 2997 12.
984 2947 1041 3003 Gai.

82 3018 158 3084 ωε).
182 3015 236 3067 Sed
248 3019 336 3068 uerius
349 3019 529 3080 mibioidetur‚
544 3017 720 3079 bonacosam,
735 3033 807 3082 quem
825 3033 975 3082 quamquam
991 3033 1042 3067 non

81 3092 163 3139 satum
176 3095 276 3152 spectat
290 3088 333 3138 at».
352 3089 411 3139 Vot.
426 3101 478 3148 221,
496 3087 600 3146 Gaium,
615 3103 646 3138 ne
666 3091 758 3154 tenpus
771 3090 811 3138 vel
825 3088 950 3138 obscurus
962 3089 1042 3150 foret,

82 3167 190 3209 totamae
210 3161 252 3210 rei
270 3159 484 3210 demonstrandae
508 3161 634 3209 rationem
657 3167 756 3208 mutare
788 3159 903 3218 deberet,
925 3160 1042 3208 consulto

83 3232 206 3282 omisisse,
245 3226 354 3297 ⁰)Huno
362 3237 555 3294 aasumspeotot
566 3229 620 3294 Uip.
628 3242 674 3291 s‚4.
684 3237 708 3280 et
715 3238 841 3294 corrupto
849 3229 1041 3278 Fr.Dositb.14.

153 3414 178 3485 ξ.
193 3419 236 3468 35.
258 3416 297 3480 Cf.
317 3416 371 3480 Uip.
387 3429 407 3475 s,
421 3429 442 3466 a.
462 3427 536 3476 1,12.
562 3417 606 3466 Fr.
627 3417 684 3466 Vat.
700 3427 747 3467 ast.
771 3415 842 3478 Epit.
862 3428 887 3476 1,
907 3428 931 3475 1,
950 3427 971 3465 4.
1000 3414 1041 3464 Fr.

82 3491 144 3540 Dos.
161 3501 194 3538 14.
215 3488 284 3537 Ptin.
300 3504 341 3552 ep·
356 3499 376 3554 t,
392 3499 424 3538 to.
448 3487 529 3538 Tacit.
545 3487 578 3537 A.
594 3500 628 3550 ts,
643 3500 676 3538 27.

792 3569 830 3626 3*
