2470 3972
374 145 432 178 cerr
450 146 546 179 suerin.
565 126 613 179 IV.
632 131 745 179 69-72.
977 126 1044 192 225

45 323 47 332 ,
81 274 210 346 ponitur,
232 289 287 346 quo
311 273 371 329 loco
392 273 457 346 plus
476 268 606 347 petendr¹
627 272 777 346 periculum
799 289 854 329 non
878 277 1041 345 interuenit;

82 359 178 430 ulique
193 357 328 412 honorum
349 367 473 430 emptore
492 367 606 431 agente,
629 358 676 430 qui
695 355 759 412 licet
780 357 814 413 de
835 367 909 414 certa
929 362 1042 432 pecunia

28 503 31 520 Ι
79 451 153 514 agat,
169 443 266 497 incerti
282 449 372 498 tamen
387 441 640 498 condemnationem
655 442 784 513 concipit.

27 587 29 596 ¹
142 520 196 581 89.
220 523 286 592 Quia
302 535 393 582 tamen
406 527 533 599 superius
543 527 708 580 mentionem
723 524 864 581 babuimus
875 525 908 581 de
924 527 1040 598 actione,

26 643 28 690 p
79 627 131 681 qua
154 611 185 664 in
206 597 343 682 peculium
359 608 590 666 liliorumlamilias
605 625 804 682 seruorumque
819 605 950 684 'agitur,²
969 626 1039 684 opus

25 691 27 720 ³
77 702 135 759 est,
152 701 184 749 ut
199 695 233 749 de
248 695 300 750 han
313 695 419 749 notione
434 703 462 748 et
476 694 509 749 de
529 694 646 762 ceteris,
666 709 735 764 qnae
755 694 911 750 eorumdem
929 697 1039 752 nomine
1074 759 1082 770 l

24 797 25 802 ¹
78 780 105 831 in
127 787 258 851 parentes
273 777 434 834 dominosue
455 777 514 832 dari
534 777 641 846 solent,
665 777 823 850 diligentius
838 778 1038 835 admoneamus.

75 856 124 918 70.
140 863 280 934 inprimis
295 865 386 936 itaque
397 863 421 917 si
435 863 512 916 iussu
527 863 612 935 patris
624 862 762 916 dominiue
776 864 918 934 negotium
929 872 1039 936 gestum

75 948 139 1017 erit,
156 946 317 1003 insolidum
338 956 449 1020 praetor
463 947 597 1002 actionem
612 947 640 1000 in
654 955 759 1018 patrem
780 945 959 1002 dominumuc‘
975 964 1040 1002 con·

75 1033 199 1103 parauit:
224 1040 251 1086 et
272 1039 357 1095 recte,
379 1031 442 1104 qnia
458 1031 504 1103 qui
524 1032 561 1085 ita
581 1031 724 1103 uegou'um
744 1031 825 1103 gerit,
846 1032 933 1103 magis
953 1033 1038 1104 patris

75 1116 219 1171 deminiue
242 1131 321 1187 quam
337 1113 384 1170 lilii
405 1116 515 1169 seruiue
530 1112 610 1170 fidem
632 1114 765 1186 sequitur.
809 1109 851 1169 71.
875 1113 972 1170 Eadem
995 1132 1037 1169 ra·

74 1202 154 1255 tione
173 1192 178 1270 Ι
198 1201 365 1270 comparauit
379 1198 447 1252 duas
461 1198 526 1253 alias
540 1199 672 1268 notiones,
687 1197 872 1252 exercitoriam
887 1207 914 1253 et
928 1199 1037 1254 instito-
1048 1199 1109 1247 214-

74 1286 160 1339 riam:
183 1291 250 1338 tunc
264 1292 355 1338 nutem
371 1283 529 1338 exercitoria
544 1283 635 1338 locum
656 1279 753 1352 habet,
773 1297 833 1336 cum
856 1292 934 1354 pater
953 1281 1040 1337 domi·

75 1383 168 1424 nusue
185 1365 271 1422 lilium·
287 1383 433 1422 seruumuc
451 1368 611 1440 magistrum
630 1367 693 1420 naui
711 1366 910 1438 praeposuerit,
922 1375 950 1421 et
966 1365 1039 1438 quod

14 1457 64 1506 [28⁹]
74 1469 139 1509 cum
156 1467 189 1507 eu
205 1451 265 1506 eius
280 1453 320 1505 rei
340 1452 435 1524 gratia,
452 1452 496 1506 cui
510 1450 682 1524 praepositus
697 1449 759 1520 luit,
774 1451 915 1522 negotium
930 1458 1038 1522 gestum

75 1539 146 1610 erit3
170 1551 232 1590 cum
254 1535 326 1590 enim
348 1551 378 1589 ea
401 1549 512 1608 quoque
527 1551 571 1589 res
593 1550 627 1590 ex
648 1533 788 1590 uoluntate
802 1535 887 1606 patris
902 1534 1039 1590 dominiue

74 1621 204 1680 contrairi
226 1619 364 1690 uideatur,
386 1620 578 1691 aequissimum
598 1634 660 1674 esse
680 1619 767 1672 uisum
787 1628 843 1680 est,
873 1621 900 1674 in
921 1617 1039 1674 solidum

75 1701 118 1777 (in
136 1699 225 1778 euml³
240 1704 376 1758 actionem
387 1703 458 1758 dari:
474 1705 540 1776 quin
551 1703 641 1771 etiam,
652 1701 717 1756 licet
726 1709 883 1758 extraneum
895 1698 1039 1776 'quisque⁴

74 1791 241 1862 magistrum
256 1789 319 1842 naui
334 1789 534 1860 praeposuerit,
547 1787 607 1842 siue
617 1801 730 1842 seruum
740 1786 799 1840 siue
811 1785 936 1858 liberum,
950 1796 1038 1843 umen

75 1891 106 1931 ea
130 1873 273 1946 praetoria
294 1873 364 1926 actio
385 1873 413 1926 in
433 1887 495 1926 eum
520 1870 657 1926 redditur:
682 1869 744 1926 ideo
766 1879 856 1926 autern
879 1872 1039 1928 exercitoria

74 1958 150 2014 actio
166 1956 329 2030 appellatur,
344 1957 407 2029 quia
421 1956 558 2012 exercitur
576 1962 690 2012 uocatur
710 1956 745 2027 is,
766 1957 802 2012 ad
820 1971 900 2028 quem
916 1955 1040 2012 cottidia-

73 2060 133 2099 nus
154 2043 386 2112 nereis-quaestus
412 2042 547 2112 peruenit.
586 2041 721 2096 institoria
746 2056 812 2114 uero
843 2039 957 2098 lormuln
980 2049 1037 2096 tum

73 2129 169 2183 locum
185 2124 274 2188 hahet,
286 2140 348 2180 cnm
360 2125 421 2196 quis
437 2122 563 2180 tabernae
575 2135 622 2180 aut
637 2122 748 2180 cuilibet
758 2126 937 2194 negotiationi
949 2122 1036 2180 lilium

73 2225 226 2266 seruumue
241 2216 287 2263 aut
299 2208 447 2280 quemlibet
461 2218 630 2280 extraneum,
641 2209 700 2262 sine
711 2225 823 2264 seruum
837 2210 897 2264 siue
908 2208 1035 2280 liberum,

73 2295 279 2368 praeposuerit,
295 2291 402 2364 etquid
418 2307 479 2346 cum
494 2309 527 2348 eo
543 2294 601 2347 eius
615 2291 655 2347 rei
670 2292 771 2364 gratia,
793 2293 837 2347 eni
861 2293 1033 2365 praepositus

30 2367 34 2374 ’
68 2388 124 2442 est,
145 2384 316 2433 contractum
331 2376 428 2432 luerit:
456 2375 518 2430 ideo
534 2386 623 2432 autem
638 2375 774 2431 institoria
791 2376 958 2450 appellatur,
975 2379 1037 2450 qnia

71 2464 122 2534 qui
147 2461 273 2516 tabernae
298 2461 490 2534 praeponitur,
511 2460 623 2516 institor
642 2455 808 2542 appellatur:
836 2477 904 2534 qnae
927 2463 1036 2535 etipsa

70 2545 191 2603 lormulu
205 2546 233 2599 in
248 2544 366 2600 solidum
381 2551 431 2602 est.
465 2541 513 2602 72.
528 2544 671 2600 Praeterea
684 2545 829 2622 tributor-ia
842 2561 952 2618 quoque
963 2549 1034 2602 actio
1100 2576 1107 2592 ·

75 2634 105 2686 in
122 2639 226 2703 patrem
242 2629 416 2684 dominnmne
436 2629 585 2684 constituta
601 2637 653 2699 est,
669 2643 730 2684 cum
747 2627 818 2684 filins
834 2625 987 2686 seruusuo⁶
1008 2633 1036 2686 iu

76 2712 208 2788 peculiari
223 2712 362 2770 'cuiusuis
376 2703 476 2787 pretii⁶
498 2729 585 2768 merce
606 2713 710 2770 sciente
730 2723 807 2787 patre
824 2713 969 2772 dominone
990 2732 1037 2772 ne·

75 2829 291 2840 ..-...--.——----

151 2896 172 2964 ¹)
195 2899 314 2950 Cor-rent.
336 2900 426 2962 petenti
444 2899 471 2948 0.
496 2913 589 2948 reuera
605 2901 672 2948 enim
690 2901 717 2948 in
734 2901 945 2952 condemnatione
961 2911 1036 2952 actor

74 2987 128 3021 nott
143 2972 217 3034 petit.
279 2966 359 3034 ⁸)an
372 2970 458 3019 Instit.
473 2978 556 3032 agatur
578 2971 604 3019 0.
621 2971 679 3020 edd.
745 2968 766 3037 8)
784 2971 915 3036 Suppleoi.
935 2975 1037 3022 excidit
1141 2967 1144 2974 '

70 3047 134 3105 post
147 3041 271 3090 sol-idum.
322 3039 344 3107 ⁴)
358 3041 412 3104 quis
426 3055 485 3105 quas
500 3041 527 3090 V
527 3037 555 3090 ¹⁸.
607 3038 684 3106 ⁶)Em
703 3040 882 3106 Vstapparet,
897 3059 1035 3092 amanuen-

73 3127 128 3161 eem
148 3111 227 3160 uerbo
247 3113 375 3161 constituta
396 3149 402 3159 .
421 3149 451 3160 ..
476 3127 592 3161 seruosne
615 3116 679 3162 mule
702 3115 845 3176 repetiisse.
914 3111 935 3178 ⁶)
955 3107 1039 3182 q'optip

75 3185 127 3247 (vel
145 3179 171 3248 e)
196 3181 223 3230 V
223 3179 251 3237 ⁸²,
270 3184 316 3231 sed
334 3189 362 3230 ut
380 3184 456 3231 etiam
474 3185 509 3247 pti
528 3185 631 3232 litterae
646 3184 706 3247 fere
726 3191 813 3232 certae
830 3186 890 3232 sint.
933 3185 1037 3234 Vitiosa

75 3289 290 3298 --——---——

147 3337 173 3408 ξ.
190 3344 231 3392 69.
243 3363 277 3384 =
283 3357 327 3404 pr.
342 3339 364 3390 I.
380 3341 449 3405 quod
463 3359 484 3390 c.
500 3357 530 3390 eo
545 3356 567 3406 q.
583 3343 609 3390 in
625 3343 712 3391 ciltena
723 3357 751 3405 p,
768 3342 798 3406 (4,
809 3341 841 3406 t).
860 3339 983 3411 superius]
1000 3343 1036 3406 cf.

74 3413 407 3474 not.1ad§.co.p.ceo.·
444 3409 729 3480 §.70.=§.1.1.it.
786 3410 1035 3481 §.metent

74 3481 110 3530 id.
127 3482 225 3540 Paulo,
240 3494 261 3532 6.
315 3479 341 3550 ξ
358 3485 487 3544 72.=§.
503 3494 523 3533 3.
543 3483 566 3532 I.
581 3483 614 3534 id.
632 3483 670 3547 Cf.
685 3485 709 3545 ξ.
725 3495 758 3534 tt.

131 3575 215 3618 Guvs.
789 3576 821 3623 15
