2464 3978
219 195 283 260 126
500 215 558 250 oen
576 216 671 252 nasum.
690 197 725 252 II.
746 204 896 253 221—226.

217 342 280 404 22L
294 346 349 403 Sed
365 348 496 403 diuersae
508 345 625 403 scholae
637 355 762 402 auctores
773 353 880 420 putant,
893 347 974 402 etiam
986 355 1115 403 extraneo
1130 363 1173 420 per

218 432 436 506 praeceptionem
447 432 532 505 legari
547 447 629 504 posse
639 430 764 506 proinde,
780 433 844 488 acsi
858 432 894 486 ita
909 433 1057 488 scribetur:
1073 447 1173 489 urrrvs
1211 479 1212 498 ,

217 531 361 574 nonnanis
377 530 516 574 soronvu
532 531 658 587 oerrro,
670 513 839 588 superuacuo
854 515 958 571 adiecta
968 531 1050 573 rnen
1063 515 1173 589 syllaha3
1211 509 1212 524 ¹

217 601 336 675 ideoque
351 615 401 674 per
416 599 624 657 uindicatlonem
641 617 697 655 eam
709 615 770 655 rem
785 601 900 674 legatam
913 599 1016 656 uideri:
1033 617 1102 673 quae
1116 617 1171 654 sen·

219 686 304 753 tentia
329 685 429 741 dicitur
454 683 510 740 diui
537 683 662 740 hadriani
693 685 892 741 constitutione
923 683 1081 740 confirmate
1109 700 1171 739 esse.

218 765 286 827 222.
310 769 464 826 Secundum
480 769 549 825 hanc
564 771 649 842 igitur
670 770 825 842 opinionem
846 771 869 824 si
885 785 916 823 ea
932 785 977 824 res
992 785 1025 824 ex
1040 771 1100 824 iure
1115 766 1172 835 on·

218 855 311 910 ritium
332 853 455 910 defuncti
477 852 575 927 luerit,
596 860 690 926 potest
710 871 725 910 a
745 842 879 926 legatario
901 852 1048 924 uindicari,
1075 854 1172 908 siueis

217 955 288 994 unus
303 954 336 994 ex
352 937 499 993 heredibus
514 939 560 1004 sit,
576 939 636 994 siue
652 944 809 1006 extraneum
832 943 875 994 set
890 938 913 992 si
928 939 956 992 in
978 936 1057 993 bonis
1073 946 1171 992 tantun

218 1024 360 1079 testatoris
376 1021 474 1090 inerit,
495 1031 623 1078 extraneo
645 1021 753 1095 quidem
775 1039 807 1078 ex
829 1029 940 1078 senatus
961 1022 1090 1078 consulto
1111 1021 1170 1077 utile

217 1108 270 1164 erit
285 1107 422 1179 legatum,
438 1105 531 1162 heredi
547 1121 613 1161 uero
629 1105 745 1162 familiae
760 1105 954 1163 herciscundae
974 1105 1072 1163 iudicis
1087 1104 1171 1162 ollieio
1213 1139 1214 1144 κ

217 1189 413 1266 praestabitur;
434 1190 531 1263 quodsi
552 1189 629 1246 nullo
648 1192 707 1247 iure
728 1191 811 1247 luerit
830 1190 988 1262 testatoris,
1010 1199 1065 1246 tam
1085 1189 1170 1246 heredi

219 1291 297 1351 quam
320 1283 448 1332 extraneo
471 1289 503 1330 ex
527 1281 638 1331 senatus
666 1275 794 1332 consulto
818 1275 885 1332 utile
910 1276 971 1330 erit.
1022 1270 1090 1332 223.
1113 1274 1171 1330 Siue

217 1371 308 1418 tamen
325 1358 485 1435 heredibus,
501 1360 650 1417 secundum
665 1368 824 1416 nostrorum
840 1361 1007 1434 opinionem,
1023 1361 1082 1415 sine
1094 1361 1169 1414 etism

217 1446 369 1515 extraneis,
394 1445 541 1500 secundum
562 1444 671 1500 illorum
693 1446 865 1518 opinionem,
890 1443 998 1499 dnobus
1020 1443 1171 1517 pluribusne
1214 1461 1215 1472 ¹

218 1530 311 1585 eadem
326 1545 370 1583 res
386 1529 550 1584 coniunctim
571 1536 617 1584 aut
636 1525 792 1586 disiunctim
814 1529 905 1604 legata
925 1529 1024 1600 luerit,
1048 1528 1144 1602 singuli
1165 1548 1168 1600 ς

147 1629 208 1677 112.
217 1622 307 1688 partes
324 1612 421 1668 habere
437 1611 545 1668 debent.
803 1633 807 1639 ·

281 1701 316 1752 nd
335 1703 412 1765 legem
426 1701 567 1752 Fulcinium.
604 1693 674 1754 224.
698 1696 751 1753 Sed
766 1697 833 1753 olim
849 1697 959 1770 quidem
975 1696 1074 1753 licebat
1088 1703 1169 1752 totum

218 1784 410 1856 patrimonium
427 1785 524 1858 legetis
540 1792 622 1856 atque
637 1781 806 1838 libertatibus
821 1797 953 1856 erogare,
969 1783 1168 1855 necquicquam
1215 1791 1216 1794 ’

217 1868 311 1924 heredi
326 1869 481 1942 relinquere
496 1877 684 1941 praeterquam
700 1868 779 1922 inane
791 1881 890 1922 nomen
902 1865 1025 1927 heredis:
1042 1868 1121 1938 idque
1130 1865 1167 1920 lor

217 1968 263 2008 xrr
285 1951 434 2009 tabularum
455 1953 615 2026 permittere
636 1950 791 2018 uidebatur,
819 1967 871 2024 que
891 1959 1019 2020 cauetur,
1046 1959 1076 2008 ut
1100 1949 1167 2023 quod

218 2037 334 2108 quisque
349 2035 383 2091 de
398 2041 432 2091 re'
442 2053 491 2091 sua
507 2044 623 2092 testatus
639 2044 721 2106 esset,
737 2035 764 2090 id
779 2043 867 2090 ratum
884 2036 1042 2106 haberetur,
1058 2035 1098 2090 his
1113 2049 1168 2088 uer·

216 2120 272 2174 bis:
294 2117 346 2174 ‘uti
362 2119 475 2194 legasset
489 2135 555 2176 suae
571 2124 626 2191 rei,
647 2122 685 2176 ita
707 2122 749 2175 ius
770 2118 865 2176 csto:'
881 2113 996 2193 ’quare¹
1019 2122 1065 2193 qui
1080 2119 1167 2189 scripti
1216 2151 1217 2158 κ

217 2203 332 2260 heredes
347 2213 433 2272 crant,
450 2204 483 2260 ab
498 2205 649 2260 hereditate
660 2221 690 2260 se
701 2203 879 2276 abstinebant,
895 2213 923 2260 et
939 2203 1041 2260 idcirco
1053 2204 1166 2277 plerique

216 2289 338 2344 intestati
353 2288 545 2346 moriebantur.
590 2285 657 2347 226.
681 2289 774 2362 ltaque
794 2288 845 2344 lata
867 2297 909 2344 est
927 2288 970 2344 lex
992 2286 1089 2363 Furia,
1110 2304 1167 2360 qua,

216 2375 336 2446 exceptis
358 2375 483 2446 personis
498 2372 673 2447 quibuqdam,
695 2375 793 2431 ceteris
809 2373 870 2446 plus
891 2372 954 2428 nrile
972 2371 1078 2428 assibus
1097 2371 1214 2445 lega-pu]

218 2465 307 2512 torum
323 2459 431 2514 nomine
447 2459 578 2514 mortisue
593 2475 673 2514 causa
689 2473 787 2532 capere
801 2459 963 2530 permissum
974 2465 1094 2513 nonest.
1125 2456 1166 2510 sed

217 2549 244 2596 et
260 2541 330 2598 haec
345 2541 387 2597 lex
404 2559 458 2598 non
474 2543 605 2618 perfecit,
621 2542 694 2617 quod
711 2542 813 2598 uoluit:
833 2543 879 2615 qui
902 2542 972 2597 enim
996 2541 1071 2596 uerbi
1087 2541 1164 2614 gratia

216 2625 337 2702 quinque
352 2625 454 2683 milium
471 2626 544 2683 aeris
560 2627 751 2701 patrimonium
772 2623 903 2696 habebat,
924 2633 1033 2700 poterat
1055 2627 1163 2699 quinque

217 2709 369 2765 hominibus
385 2711 500 2784 singulis
522 2712 636 2768 milenos
658 2727 732 2767 asses
747 2709 864 2785 legando
880 2718 967 2767 toturn
983 2709 1162 2784 patrimonium

216 2810 339 2866 erogare.
378 2790 447 2851 226.
472 2795 534 2851 ldeo
550 2805 647 2869 postea
662 2796 715 2852 lata
731 2804 774 2851 est
789 2796 832 2852 len
849 2795 980 2866 Voconia,
996 2812 1050 2868 qua
1065 2802 1161 2851 cautum

292 2957 312 3026 ¹)
326 2975 370 3025 qee
383 2965 564 3026 superscripta
578 2979 591 3012 a
606 2967 708 3015 litterae
723 2981 738 3029 q
753 2981 800 3015 nec
819 2967 871 3015 alto
890 2972 966 3015 nolae
984 2967 1061 3030 eiquo
1078 2962 1165 3013 litteris

217 3046 245 3079 oe
260 3032 350 3082 addito
369 3032 396 3081 V
397 3029 429 3095 ’ὓς
445 3033 606 3097 quomobrem
620 3051 689 3086 nune
703 3052 761 3086 cnm
774 3038 868 3086 ceteris
878 3037 935 3085 edd.
945 3037 1080 3085 mnendooi
1088 3047 1160 3099 qnare.

287 3207 312 3279 5.
327 3214 387 3262 222.
416 3212 454 3276 Of.
475 3213 687 3274 §§.m.1ss.ror.
764 3209 789 3282 §-
805 3216 866 3264 228.
894 3213 932 3277 Of.
947 3212 1019 3277 Epir.
1039 3227 1060 3273 a,
1074 3225 1093 3267 e.
1111 3215 1130 3274 ξ.
1143 3223 1158 3260 r.

216 3281 248 3330 L.
264 3299 306 3331 un.
321 3285 344 3344 §-
355 3295 389 3333 11.
407 3283 432 3332 C.
447 3283 480 3332 de
494 3283 584 3334 caduo.
596 3282 627 3349 (e,
638 3282 683 3348 51).
734 3280 759 3352 §-
770 3287 831 3335 224.
848 3284 886 3348 Of.
894 3299 939 3348 pr.
953 3283 976 3334 I.
991 3285 1024 3334 de
1034 3287 1088 3350 tepe
1099 3283 1156 3332 Fata.

216 3350 248 3416 (e,
262 3351 299 3416 22)
314 3369 371 3402 cum
388 3351 498 3418 lheopb.
513 3353 548 3402 nti
562 3351 672 3420 legassit]
687 3355 722 3416 cs.
733 3355 847 3405 Dirlcsen
865 3352 1158 3414 >distabescente

212 3437 240 3483 p.
255 3433 302 3472 rer.
366 3419 391 3490 5.
407 3425 468 3474 225.
494 3423 533 3485 Os.
548 3422 612 3472 luet.
627 3431 652 3472 et
669 3423 779 3488 dheoplt.
794 3428 811 3475 t.
827 3443 849 3475 c.
864 3426 974 3489 bosrae,
988 3437 1022 3477 es.
1046 3425 1157 3490 mnne

216 3503 248 3543 ae.
265 3503 285 3540 t.
311 3492 355 3540 rb.
375 3493 434 3542 Vnt.
448 3505 496 3544 eor.
526 3491 606 3542 Varo.
622 3495 719 3558 srapm.
741 3495 784 3545 lib.
799 3495 852 3545 III.
866 3497 899 3546 de
913 3498 956 3545 ait.
969 3511 1031 3560 pop.
1049 3494 1157 3547 Romen.

216 3559 275 3622 Bip.
291 3576 319 3643 p.
339 3573 386 3612 nea.
459 3559 484 3628 §-
504 3565 565 3614 226.
591 3563 629 3625 Of.
649 3563 758 3614 Ineter
780 3564 890 3630 lbeopb.
909 3570 925 3615 l.
942 3583 964 3616 c.
988 3568 1036 3616 Lex
1056 3560 1156 3628 Voconia]
