2496 3984
465 820 717 902 (corruerimus
729 849 901 900 secururs.)

151 980 193 1029 55·
268 981 291 1042 l.
321 982 480 1052 Superiore
503 983 707 1038 commentario
730 983 765 1037 de
784 985 849 1036 iure
865 996 1064 1052 personarum
1087 998 1162 1055 erpo·

150 1051 195 1088 ⁸¹³·
208 1069 325 1128 suimus;
349 1066 430 1121 morio
447 1065 584 1121 uideamus
607 1065 640 1120 de
655 1064 750 1120 rebus:
775 1082 848 1138 quoe
864 1065 907 1120 uel
922 1065 1061 1121 innostro
1085 1069 1162 1138 pairi-

206 1152 298 1205 mouio
315 1159 389 1222 sunt,
407 1149 450 1206 uel
465 1158 541 1206 extra
556 1158 680 1204 nostrum
696 1150 893 1221 patrimonium·
903 1149 1047 1204 habentur.

273 1232 303 1292 2.
327 1234 435 1290 Summa
458 1236 549 1307 itaque
564 1250 654 1289 rerum
669 1232 775 1288 =diuisio
797 1235 825 1288 in
848 1233 916 1290 duos
939 1234 1069 1290 articulos
1092 1235 1161 1289 didu-

207 1319 294 1376 oiiur:
318 1336 379 1375 nam
402 1319 469 1374 aliae
492 1326 556 1374 sunt
579 1317 663 1373 diuini
684 1319 762 1387 iuris,
784 1317 851 1372 aliae
872 1318 991 1374 humaui.
1028 1315 1058 1375 3.
1083 1319 1163 1373 Diuini

208 1405 275 1459 iuris
298 1412 363 1459 sunt
385 1403 471 1458 ueluti
494 1397 543 1458 res'
561 1418 651 1457 sacrae
675 1410 702 1457 et
725 1401 880 1475 religiosae.
917 1399 946 1456 4.
970 1401 1073 1458 Sacrae
1094 1413 1163 1470 sunt,

210 1504 283 1559 quere
313 1488 366 1542 Diis
395 1489 503 1558 superis
533 1493 704 1541 consecratae
734 1494 813 1552 suni;
837 1486 994 1560 religiosae,
1019 1503 1088 1560 quae
1115 1487 1163 1541 uiis

204 1569 328 1626 Manibus
350 1571 460 1626 relictae
482 1579 555 1625 sunt.
605 1566 633 1625 5.
662 1569 714 1624 Sed
737 1587 842 1626 sacrum
866 1571 974 1644 quidem
1005 1572 1057 1627 hoo
1080 1571 1162 1627 solum

204 1655 388 1724 existimatur,
413 1655 485 1728 quod
508 1671 548 1710 eae
563 1655 722 1710 auctoritaie
738 1654 831 1728 populi
849 1655 960 1710 Romani
976 1665 1162 1711 consecratum

204 1749 256 1811 est,
270 1739 354 1794 ueluti
367 1739 428 1813 lege
440 1738 473 1794 de
486 1755 515 1794 ea
527 1755 556 1794 re
568 1739 621 1794 iaia
633 1747 679 1793 aui
690 1747 800 1794 senatus
813 1739 938 1794 consulto
952 1739 1032 1798 iacto.
1066 1735 1095 1796 6.
1116 1738 1162 1794 Re·

203 1823 332 1897 ligiosum
349 1840 415 1879 uero
431 1833 525 1878 nostra
542 1823 683 1878 uoluntate
698 1823 810 1879 iacimus
827 1832 963 1878 mortuum
976 1823 1123 1880 inserentes
1138 1825 1161 1878 iu

204 1907 295 1964 locum
312 1917 454 1980 nostrum,
471 1909 493 1962 si
515 1908 595 1962 modo
617 1909 674 1962 eius
691 1909 792 1964 mortui
808 1907 888 1962 funus
905 1911 940 1963 ad
954 1925 1004 1962 uos
1026 1910 1162 1981 pertineat.

202 1987 229 2046 7.
255 1991 303 2046 Set
318 1993 345 2046 in
361 1991 520 2064 prouinciali
543 1990 603 2046 solo
625 1991 713 2064 placet
735 1991 872 2065 plerisque
898 1991 986 2046 solum
1008 1993 1161 2066 religiosum

203 2091 259 2130 non
276 2073 343 2140 fieri,
367 2076 428 2146 quia
450 2077 477 2130 in
494 2091 527 2129 eo
542 2073 611 2130 'solo
635 2075 783 2131 dominium
805 2076 900 2149 populi
923 2075 1035 2130 Romani
1060 2085 1101 2132 esi
1122 2076 1161 2130 uei

203 2158 342 2227 Caesaris,
364 2175 415 2214 nos
436 2168 525 2215 autern
548 2160 750 2232 possessiouem
774 2168 877 2214 ionium
901 2159 942 2215 uei
968 2161 1161 2216 usumfructum

203 2243 304 2300 habere
320 2243 458 2316 uideorur3
477 2244 570 2316 utique
587 2252 686 2314 tameo,
703 2246 808 2300 etiarnsi
823 2261 878 2300 uon
893 2243 934 2299 sit'
944 2244 1101 2318 religiosus,
1115 2261 1160 2319 pro

204 2327 335 2400 reliyioso
352 2328 480 2383 habetur:
503 2329 568 2382 item
590 2328 663 2400 quod
679 2329 705 2382 in
722 2329 941 2401 prouinciisoon
958 2345 990 2383 ex
1005 2332 1161 2385 auctoritaie

203 2411 299 2484 populi
315 2411 427 2467 Romani
442 2413 631 2468 'consecratum
653 2421 709 2481 est,
730 2414 839 2486 proprie
855 2429 959 2468 sacrum
975 2429 1031 2468 non
1049 2414 1114 2482 'est‚
1134 2422 1161 2470 ot

203 2488 314 2550 tamen¹
340 2513 390 2569 pro
417 2513 494 2552 sacro
521 2495 643 2555 habetur.
686 2497 715 2556 8.
740 2498 853 2552 Sanciae
877 2513 987 2570 quoque
1007 2514 1067 2568 res,
1091 2498 1161 2553 uelut

202 2613 417 2621 ———-—-..

277 2661 296 2730 1)
312 2672 381 2713 eslim
396 2664 497 2714 Blulzm.
522 2666 692 2715 Mourimene
706 2673 829 2723 statuere,
844 2667 871 2714 in
885 2666 926 2714 Iris
941 2668 1054 2714 litteram
1070 2682 1159 2730 sproa

202 2737 326 2797 scriptam
340 2739 380 2784 uel
395 2738 484 2784 lectam
499 2751 562 2784 esre.
595 2737 710 2785 Ceterum
725 2738 749 2784 i-rr
764 2737 895 2800 prouinciis
911 2739 966 2787 ooli
980 2754 1036 2786 eum
1053 2738 1159 2786 Morums.

201 2812 226 2853 et
246 2805 287 2856 ed.
305 2803 379 2854 Siud.
395 2821 447 2868 pro
466 2800 619 2870 glossemate
638 2807 733 2856 habere
753 2823 893 2871 nouamque
912 2807 955 2856 lu'e
974 2811 997 2869 ξ.
1014 2811 1048 2858 7³.
1060 2825 1158 2871 ponere.

204 2875 242 2938 Os.
258 2877 279 2936 ξ.
296 2887 315 2924 8.
327 2875 353 2958 νΙ.
369 2876 400 2923 de
415 2891 468 2924 rer.
484 2876 535 2925 dio.
552 2875 584 2941 (2,
600 2875 623 2941 1)
638 2876 724 2942 ibique
738 2878 880 2928 Schrader.

199 2981 422 2989 m—

274 3029 298 3100 §.
317 3037 339 3082 1.
356 3055 389 3081 =
400 3051 445 3097 pr.
461 3035 483 3083 I.
498 3036 530 3083 ose
544 3051 597 3084 rer.
613 3037 689 3085 divio.
702 3035 774 3102 (21).
826 3033 852 3104 ξ
867 3040 892 3087 2.
909 3041 932 3086 3.
948 3059 981 3078 =
997 3037 1029 3086 L.
1042 3051 1061 3087 1.
1074 3055 1114 3102 pr.
1129 3039 1158 3086 D.

201 3104 233 3152 de
247 3121 300 3153 rer.
316 3105 392 3154 divio.
408 3103 438 3170 (1,
451 3104 482 3170 8).
534 3101 559 3173 ξ.
575 3110 599 3156 4.
621 3107 658 3170 Cf.
675 3109 697 3168 ξ,
714 3119 733 3157 r.
749 3107 771 3156 I.
787 3109 819 3156 de
834 3124 886 3156 rer.
902 3109 953 3156 div.
969 3106 1000 3173 (2,
1016 3107 1047 3172 1).
1097 3106 1121 3177 §⁸
1135 3112 1156 3159 5.

203 3173 279 3238 CM.
295 3187 315 3225 8.
335 3175 405 3224 Lib.
426 3177 540 3239 hope.
560 3179 598 3238 ἐξ.
615 3191 634 3227 1.
650 3189 670 3226 2.
690 3179 722 3226 D.
737 3180 792 3228 eod.
814 3178 896 3244 (1‚8).
921 3179 953 3227 L.
973 3182 1018 3227 ult.
1039 3180 1071 3226 D.
1092 3189 1117 3228 ut
1134 3181 1156 3226 in

196 3261 268 3307 poss,
284 3249 332 3310 ley.
349 3245 393 3310 (36,
407 3246 439 3314 4).
462 3247 514 3296 Cio.
529 3248 561 3295 de
575 3249 681 3312 horusp.
697 3265 765 3312 resp.
781 3261 802 3300 o.
817 3250 853 3298 od
868 3251 947 3298 Attio.
962 3262 984 3308 4,
995 3261 1015 3298 2.
1026 3251 1049 3310 5.
1060 3262 1080 3300 3.
1097 3251 1155 3298 Fert.

201 3331 222 3363 o.
244 3316 373 3366 Sacratae
394 3321 471 3382 leger.
491 3316 574 3366 Socer
593 3334 664 3368 morra
681 3335 709 3382 p.
729 3331 776 3370 818.
850 3317 875 3388 ξ.
899 3323 922 3370 6.
952 3320 989 3384 Of.
1012 3323 1035 3381 ξ.
1051 3333 1071 3371 2.
1090 3321 1110 3369 J.
1128 3322 1156 3368 de

200 3402 253 3436 rer.
269 3388 320 3436 dio.
338 3386 409 3454 (21).
465 3385 491 3456 ξ
508 3391 531 3438 7.
554 3389 654 3453 Cs.1,o·.
670 3402 690 3448 2,
701 3401 735 3439 21.
745 3402 779 3440 46.
801 3391 918 3440 Frontis.
934 3392 966 3439 de
981 3399 1154 3454 controuoyr.

200 3472 224 3528 o.
241 3469 274 3507 so.
291 3470 324 3508 aa.
340 3459 445 3508 Locum.
472 3460 540 3507 Prin.
556 3475 595 3522 ep.
612 3471 650 3514 ιο,
671 3472 696 3510 ee
718 3458 773 3524 (so).
798 3461 928 3525 Theophra
945 3474 966 3523 e,
981 3475 1000 3511 1.
1021 3463 1043 3523 5.
1058 3473 1091 3512 4ο.

229 3531 266 3577 ’8.
283 3529 363 3576 =L.
379 3542 390 3578 1
402 3546 445 3592 pr.
461 3531 493 3578 D.
509 3531 540 3578 de
554 3545 607 3578 rer.
624 3531 674 3578 dio.
691 3530 722 3595 (ι,
738 3529 769 3596 8).
785 3534 808 3592 ξ.
824 3533 967 3582 10.I.eod.
983 3530 1014 3596 (2,
1030 3531 1060 3598 1).

1171 860 1209 908 [lii]

1169 2426 1206 2475 [lo]
