2496 3984
399 189 457 226 een
474 191 566 226 masma.
587 173 608 224 Ι.
627 179 740 229 46-52.
1002 174 1050 240 Ι39

8 325 53 374 13]
467 339 509 377 vv.
527 320 590 379 2-
601 321 651 378 24.
1043 317 1047 400 l
1062 323 1105 372 13·

68 400 130 463 46.
161 421 226 460 nam
245 411 275 478 pt
297 405 320 460 si
344 412 507 462 testamento
528 407 638 480 scriptis
664 407 691 462 iu
713 405 804 463 orbem
825 409 913 464 seruis
939 407 1051 464 libertas

70 489 144 546 data
162 489 212 560 sit,
228 487 398 562 quianullus
414 489 482 546 ordo
497 480 718 556 matiumissionis
729 492 878 564 inuenitur,
891 491 958 548 nulli
973 491 1051 548 liberi

73 581 184 641 erunt3
201 575 264 646 quia
279 573 324 630 lex
339 571 413 628 dulia
428 573 544 646 Canidia,
562 591 630 648 quae
645 577 672 631 iu
687 575 809 632 fraudem
825 579 882 632 eius
899 576 969 632 laeta
984 577 1054 647 siat,

74 657 228 714 rescindit.
254 666 320 714 sunt
335 658 415 716 etiam
425 659 551 732 specialia
563 659 811 732 senatusconsulta,
828 659 925 732 quibus
935 661 1050 718 rescissa

78 749 150 798 sunt
167 757 210 812 ea,
226 757 295 815 quae
310 743 339 798 in
352 741 473 798 fraudem
490 745 547 799 eius
563 743 632 817 legis
648 744 802 817 excogitata
817 753 891 800 sunt.

146 821 198 884 4⁷.
219 825 249 880 ln
265 839 374 882 'summa
393 827 531 884 solendum
560 835 616 898 est,
646 821 757 902 (quod)¹
780 829 842 902 lege
862 829 937 886 delia
959 827 1049 884 Seutia

75 919 196 966 cautum
212 905 280 981 ’esa'
290 903 342 966 ut²
358 907 500 984 (patroni)
514 919 561 968 ant
571 912 737 970 creditorum
749 911 958 970 fraudandorum
970 928 1049 970 oausa

74 993 244 1050 manumissi
259 993 337 1052 liberi
351 1011 406 1052 non
423 991 497 1066 liant,
514 997 595 1052 etiam
611 997 663 1054 hoo
677 996 710 1052 ad
725 999 885 1071 peregrinos
901 999 1049 1071 pertinere,

77 1072 191 1152 ((ηαηι)
214 1071 343 1134 senatus3
363 1081 401 1136 ita
422 1081 528 1136 censuit
548 1097 580 1138 ea
600 1082 761 1138 auctoritate
783 1075 897 1156 ’(ιὶιίιί)4
913 1081 1048 1154 Hadriani)

77 1171 177 1218 cetera
194 1179 263 1220 uero
278 1163 336 1218 iura
352 1166 410 1220 eius
425 1163 494 1237 legis
509 1165 542 1220 ad
557 1166 788 1240 peregrinosnon
803 1159 964 1240 pertinere.⁵

151 1244 201 1305 48.
223 1245 353 1321 Sequitur
367 1249 401 1304 de
420 1249 479 1306 iure
496 1265 674 1321 personarum
692 1249 741 1305 alia
754 1250 862 1308 diuisio.
893 1267 953 1306 nam
966 1267 1048 1322 quae·

83 1331 291 1404 dampersonae
304 1333 346 1388 sui
357 1333 423 1388 iuris
433 1341 508 1402 sunt,
521 1333 651 1406 quaedam
663 1333 751 1390 alieno
762 1335 814 1388 iuri
826 1342 891 1400 suut
901 1333 1047 1392 subiectae.

81 1410 136 1474 49.
158 1414 211 1472 Sed
225 1432 322 1472 rursus
338 1433 430 1472 earum
446 1432 640 1490 personarum„
656 1433 724 1491 quae
740 1417 828 1474 alieno
844 1419 896 1474 iuri
911 1416 1049 1474 subiectae

81 1505 160 1569 sunt,
177 1499 245 1556 aliae
259 1501 288 1556 in
303 1508 451 1574 potestate,
467 1501 538 1557 aliae
552 1503 578 1558 ia
594 1517 686 1574 mauu,
701 1501 771 1558 aliae
784 1505 810 1558 in
825 1503 957 1576 mancipio
972 1510 1047 1558 sunt.

81 1579 138 1639 50.
164 1583 304 1640 Videamus
327 1601 400 1650 nano
419 1583 452 1642 de
474 1587 517 1657 iis,
540 1603 609 1660 quae
631 1585 719 1642 alieno
741 1588 794 1642 iuai
815 1585 957 1644 subiectae
979 1588 1047 1642 sint:

77 1660 204 1741 ’(ποιηι)6
231 1669 254 1724 si
278 1671 505 1742 cognouerimus,
534 1687 603 1743 quae
624 1672 691 1726 istae
713 1687 846 1744 personae
868 1675 939 1742 sint,
968 1671 1048 1726 simul

80 1751 288 1824 intellegemus,
304 1769 373 1826 quae
389 1755 431 1810 sui
445 1755 512 1809 iuris
528 1755 591 1810 sint.
621 1751 660 1812 dl
682 1756 721 1810 do
735 1755 810 1827 prius
826 1755 999 1826 dispiciamus
1015 1754 1047 1808 de
1127 1752 1139 1813 Ϊ

80 1837 128 1909 iis,
146 1837 235 1908 quiin
251 1837 338 1894 aliena
354 1846 489 1910 potestate
504 1845 578 1894 sunt.

149 1915 197 1978 52.
218 1920 247 1976 ln
263 1929 399 1994 potestate
415 1923 509 1995 itaque
524 1929 588 1981 suut
604 1923 676 1978 serui
693 1921 874 1979 dominorum.
904 1937 973 1994 quae
988 1922 1047 1995 qui·

9 2005 149 2062 [1141dem
168 2013 291 2078 potestas
311 2007 378 2062 iuris
399 2007 520 2079 gentium
542 2014 599 2074 est:
621 2023 684 2067 nam
704 2008 778 2080 apud
797 2023 891 2064 omnes
912 2022 1047 2080 penaeque

84 2097 183 2161 gentes
200 2089 416 2154 animaduertere
427 2107 584 2166 possumus,
600 2091 714 2148 dominis
730 2091 757 2148 in
769 2107 868 2159 seauos¹
877 2093 950 2148 uitae
961 2093 1047 2147 neeis·

85 2183 319 2247 quepotestatem
335 2189 404 2246 esse,
429 2182 456 2230 et
471 2175 662 2248 quodcumque
684 2192 734 2250 per
756 2193 865 2232 seruum
884 2176 1048 2250 adquiritur,

86 2281 292 2290 --
1052 2255 1067 2288 o

80 2339 149 2388 pare
163 2325 323 2388 manumisit,
343 2327 412 2374 iuter
430 2341 486 2387 eos,
504 2328 549 2390 qui
562 2323 614 2390 per
628 2334 802 2376 testamentum
816 2329 1046 2388 manumissi-suut,

85 2397 234 2444 nullatenus
257 2393 455 2460 computentur’.
493 2393 538 2446 Eae
561 2397 602 2446 itis
625 2405 707 2446 tamea
729 2397 893 2462 Epitomator
914 2413 957 2457 ea,
982 2414 1047 2464 quae

87 2467 127 2527 ἓξ.
142 2475 162 2516 a.
177 2477 199 2515 4.
215 2467 388 2526 eontinentur,
403 2467 509 2516 aliunde
523 2483 599 2532 quam
613 2483 648 2516 ex
664 2467 729 2519 Gaio
742 2469 863 2518 sumsisse
877 2469 987 2518 uidetur.

89 2535 109 2602 ¹)
127 2533 227 2602 ‘(oum)'
244 2537 284 2586 ed.
298 2537 347 2604 Bp.
413 2534 434 2604 ⁹)
456 2539 487 2586 sit
508 2542 548 2587 dut
562 2537 655 2588 Seded.
670 2541 747 2588 etium
766 2539 793 2587 V
794 2535 821 2594 π,
841 2547 1003 2602 corruptum,
1019 2546 1047 2588 ut

82 2613 156 2671 puto,
170 2614 231 2656 exe
248 2617 285 2656 ut:
304 2609 352 2658 sed
364 2616 496 2672 acceptum
507 2623 559 2672 pro
574 2609 595 2657 si
609 2615 635 2657 ut
648 2609 747 2671 effecit,
767 2615 795 2657 ut
809 2616 945 2659 corrector
954 2617 1047 2672 postea

85 2693 164 2742 super
181 2679 322 2728 manumissi
342 2683 473 2744 suppleret
491 2681 547 2728 sint.
576 2680 642 2730 idem
662 2680 731 2744 quod
747 2680 888 2730 secuudum
911 2679 938 2729 V
940 2675 961 2712 ⁵²
979 2682 1047 2730 iuter

46 2777 49 2784 ι
87 2755 128 2796 aut
141 2754 165 2797 et
174 2749 329 2811 creditorum,
343 2753 430 2801 alieno
440 2765 503 2800 sane
513 2753 579 2810 loeo,
593 2751 695 2816 sipnum
703 2753 868 2815 superposuit
877 2763 911 2810 11,
926 2767 956 2802 eo
965 2754 1046 2817 sipui·

85 2821 168 2882 ficare
182 2820 245 2869 midi
259 2821 362 2870 videtur
376 2823 495 2884 ualuisse,
510 2823 629 2876 omassum
643 2823 746 2886 aliquid
758 2837 813 2872 esse
828 2820 905 2888 (puta
919 2839 941 2871 o.
952 2825 1047 2888 patroni

89 2891 146 2940 caii.
162 2892 184 2952 ᾖ.
199 2889 236 2956 aa)
251 2892 320 2956 quod
333 2894 361 2941 iu
375 2894 492 2958 maryiae
505 2891 552 2942 aab
566 2893 653 2942 eodem
667 2895 743 2958 aipno
756 2895 878 2958 supplere
892 2893 985 2944 oblitus
1000 2902 1044 2944 eat.

89 2968 156 3010 certe
170 2976 221 3011 nou
235 2960 411 3025 dubitandum,
426 2965 502 3012 etiam
516 2965 588 3026 apud
597 2966 763 3029 peregrinas,
772 2966 873 3014 etiamsi
887 2979 938 3016 uon
953 2980 1045 3023 omues,

84 3033 205 3096 patronis
219 3033 327 3096 aliquod
340 3035 381 3083 ius
395 3035 422 3082 ia
437 3033 510 3084 bouis
529 3032 682 3086 libertorum
697 3035 790 3098 fuisse.
864 3031 885 3101 8)
897 3043 1002 3084 'senatus
1019 3036 1045 3086 0.

89 3103 145 3151 edd.
165 3100 214 3167 Bp.
231 3101 305 3152 Stud.
327 3104 362 3167 ef.
384 3117 409 3162 1,
426 3115 461 3155 54.
530 3101 552 3170 ⁴)
573 3103 675 3154 Addidi
695 3121 730 3154 eae
746 3113 873 3169 perpetuo
892 3105 953 3155 Gaii
968 3121 1045 3156 mare.

91 3169 112 3238 ⁶)
127 3171 248 3237 Sequitur
262 3175 332 3224 linea
346 3191 437 3224 uacua.
492 3171 573 3242 ⁶)Ea:
587 3175 648 3240 Dip.
662 3183 688 3224 et
700 3175 764 3228 Just.
778 3178 902 3242 suppiam.
960 3231 961 3234 Ἴ

159 3311 182 3383 ξ.
198 3319 241 3367 46.
263 3316 499 3380 Ofisupra§.a1⁸.
522 3317 554 3366 L.
570 3329 603 3370 aa.
626 3317 658 3366 D.
674 3318 705 3368 de
720 3318 816 3378 condit.
831 3324 856 3366 et
869 3317 932 3366 dem.
954 3315 999 3381 (tt,
1014 3317 1046 3382 1).

91 3380 166 3452 §aii
182 3386 299 3450 Odisti.
355 3383 529 3455 §.ta-51,
545 3388 621 3436 =L.
637 3401 648 3438 1
659 3405 704 3452 pr,
719 3389 751 3437 D.
763 3389 794 3438 de
808 3387 850 3436 dis
864 3389 908 3451 qui
921 3390 964 3436 sui
973 3387 1004 3452 (1,
1014 3388 1045 3454 e).

87 3471 129 3520 pr.
140 3449 165 3505 Ὶ
179 3457 235 3506 eod.
251 3455 282 3522 (1,
292 3456 324 3524 s).
394 3461 453 3508 ‚tu
472 3458 510 3521 (ls.
523 3458 567 3507 at.
581 3459 639 3508 Vat.
650 3471 697 3511 aas.
708 3471 755 3510 aaa.
776 3459 835 3508 Lea
847 3457 918 3520 Etau.
929 3457 1000 3522 Salp.
1011 3471 1046 3510 itt.

92 3518 116 3593 ὅ.
131 3529 220 3580 62.,=
233 3527 265 3578 L.
282 3541 302 3579 1·
317 3530 341 3590 ξ.
356 3541 375 3578 1.
396 3529 428 3576 D.
444 3529 476 3578 de
489 3529 530 3578 dis
544 3545 566 3593 q.
582 3531 625 3578 sui
638 3528 670 3595 (1,
685 3529 717 3596 a).
736 3532 759 3591 §-
775 3541 795 3580 1.
811 3529 833 3578 I.
848 3530 904 3590 eod.
919 3528 951 3595 (1,
965 3527 997 3595 8).
