2464 3978
206 195 270 264 108
340 209 343 214 '
485 215 544 250 osu
561 215 652 250 russas.
672 199 706 252 ΙΙ.
727 204 876 252 llo-lli.

205 349 356 422 rumpitur3
373 362 422 401 nec
432 347 558 411 interest,
574 362 608 401 an
626 347 746 402 extiterit
763 346 861 419 aliquis
873 361 904 400 ex
916 362 948 401 eo
961 347 1053 408 heres,
1069 363 1100 401 eu
1110 363 1164 402 noo

205 433 338 489 extiterit:
352 431 404 486 hoc
419 431 489 485 enim
505 430 594 486 solum
605 438 755 502 spectatur,
766 447 799 485 an
811 433 927 485 existere
939 433 1078 503 potuerit:
1092 431 1164 485 ideo·

205 533 259 590 que
280 518 303 572 si
325 517 385 588 quis
399 530 432 570 ex
448 515 600 586 posteriore
616 521 795 585 testamento,
818 514 892 586 quod
912 514 1094 570 inresectum
1116 525 1164 582 esi,

205 611 252 657 aut
273 600 394 656 noluerit
408 599 489 654 heres
505 613 574 667 esse,
591 606 638 660 aut
661 599 725 653 uiuo
741 607 884 670 testatore,
906 607 954 655 aut
974 608 1165 672 postmortem

206 687 274 756 eius,
290 691 434 755 antequam
450 681 631 746 hereditatem,
644 682 740 751 adiret,
756 681 916 754 decesserit,
930 692 978 738 aut
1000 699 1052 756 per
1066 685 1164 740 cretio-

205 785 266 825 nem
283 768 409 824 exclusus
423 765 517 834 luerit,
539 775 586 820 aut
601 765 771 837 condicione,
793 765 913 839 subque
929 768 1010 822 heres
1026 768 1166 823 institutus

206 862 257 922 est,
273 851 459 922 deiecturus,
475 859 523 906 aut
539 858 653 923 propter
668 849 832 906 coelibatum
848 865 880 905 cx
896 851 958 924 lege
970 851 1037 906 iulia
1052 865 1166 906 summo·

206 945 250 993 tus
265 936 348 992 fuerit
362 935 394 990 ab
410 934 574 990 hereditate:
590 933 689 1005 quihus
700 933 807 990 casibus
819 935 1012 1007 paterfamilias
1023 937 1165 990 intestatus

206 1023 337 1076 moritur:
353 1035 413 1074 nam
426 1027 453 1074 et
465 1019 541 1091 prius
554 1026 746 1074 testamentum
758 1035 813 1074 uon
825 1018 906 1089 ualet,
918 1028 1030 1092 ruptum
1046 1036 1061 1074 a
1077 1027 1164 1092 poste

206 1106 290 1174 tiore,
305 1111 333 1159 et
348 1103 486 1177 posterius
501 1117 586 1175 aeque
602 1101 689 1158 nullas
705 1103 887 1172 onesheim,
908 1119 970 1159 cum
990 1119 1022 1158 ex
1039 1120 1073 1159 eo
1088 1119 1163 1158 nemo

207 1189 286 1244 hores
301 1188 431 1243 extiterit.
467 1183 529 1242 145.
552 1185 610 1241 Alio
627 1187 833 1258 quoquomodo
850 1195 1010 1243 testamenta
1026 1189 1086 1244 iure
1101 1187 1165 1242 iacta

206 1271 387 1340 infirmantur,
403 1271 480 1326 uelut
494 1263 606 1341 ’ioum)¹
623 1271 657 1340 is,
681 1271 727 1342 qui
740 1269 837 1327 iecerit
852 1279 1062 1343 testamentum,
1081 1272 1165 1344 capite

206 1357 354 1414 diminutus
376 1349 450 1420 'sit;²
479 1355 552 1428 quod
575 1353 675 1428 quibus
690 1354 777 1410 modis
792 1355 903 1419 accidat,
926 1358 1016 1429 primo
1031 1371 1164 1412 commen·

106 1445 109 1451 ⁴
153 1440 275 1498 itt-tarto
297 1441 411 1496 relatum
434 1449 486 1496 est.
529 1433 596 1496 mu
619 1437 677 1494 lloo
696 1445 786 1494 autem
808 1456 871 1494 casu
891 1432 980 1517 inlrita
1003 1438 1063 1496 fieri
1083 1447 1164 1495 testa·

207 1533 295 1581 menta
311 1524 440 1593 dicemus,
457 1539 517 1578 cum
532 1523 653 1595 alioquin
676 1531 704 1576 et
718 1539 787 1596 quoe
801 1533 976 1596 rumpuntur,
997 1525 1077 1580 inrita
1091 1521 1163 1591 dant,

208 1603 246 1682 (et
260 1623 336 1680 quoe
351 1607 498 1666 stationed
513 1609 593 1662 initio
608 1623 666 1662 non
680 1609 745 1662 iure
759 1610 850 1679 fiunt,
871 1610 960 1664 inrito
975 1612 1050 1670 sint3
1069 1609 1120 1664 sed
1138 1615 1164 1663 et

207 1709 254 1764 66,
269 1709 345 1766 quoe
359 1693 425 1750 iare
437 1691 523 1763 sucta
538 1697 605 1747 sunt
620 1697 649 1746 et
664 1698 769 1760 postea
782 1699 906 1764 propter
926 1695 1034 1763 cupitis
1047 1693 1164 1748 diminu-

207 1783 310 1835 tionem
325 1780 413 1833 inrita
427 1772 522 1849 fiunt)
538 1783 655 1848 possunt
669 1775 845 1831 nihilominus
860 1785 941 1850 rupta
956 1777 1025 1832 dici:
1040 1776 1087 1832 sed
1102 1776 1165 1848 qnia
1203 1792 1208 1798 ·

206 1879 270 1920 sane
284 1861 452 1918 commodius
468 1869 526 1916 erat
540 1858 663 1932 singulas
684 1875 778 1914 causus
800 1860 916 1934 siugulis
937 1859 1163 1934 appellationibus

207 1946 346 2019 distingui,
361 1946 422 2000 ideo
438 1943 567 2016 quaedum
583 1958 638 2001 non
653 1943 712 1998 iure
727 1941 938 2021 deridiculum,
954 1944 1090 2018 quaedam
1104 1945 1164 2000 iure

207 2029 274 2085 laeta
290 2029 379 2102 rumpi
394 2028 438 2084 uel
452 2028 531 2082 inrita
546 2024 613 2084 fieri.

269 2107 328 2171 147.
355 2113 413 2168 Non
434 2121 523 2167 tamen
543 2127 592 2184 per
614 2113 703 2166 omnia
725 2112 830 2169 inutilia
857 2122 921 2168 suot
942 2121 974 2170 ea'
995 2121 1217 2180 testamentupo]

207 2213 275 2270 quae
298 2197 342 2253 uel
363 2197 397 2253 air
419 2197 496 2252 initio
511 2211 566 2251 non
588 2196 647 2252 iure
664 2195 821 2268 factasunt,
844 2197 889 2252 uel
910 2199 969 2254 iure
984 2197 1056 2254 iacta
1071 2207 1164 2272 postea

206 2284 287 2338 inrita
302 2281 373 2338 iacta
389 2289 439 2337 out
453 2289 533 2362 rupta
549 2287 627 2334 sunt:
643 2295 704 2334 nam
719 2283 743 2335 si
758 2290 862 2353 septem
880 2283 991 2338 testium
1007 2285 1093 2356 signis
1107 2285 1164 2358 sig-

206 2374 269 2422 uata
283 2367 338 2422 sint
353 2374 528 2434 testamenta,
545 2372 638 2437 potest
655 2364 773 2440 scriptus
793 2365 872 2422 heres
893 2367 1042 2422 secundum
1064 2365 1164 2422 tabulas

207 2449 340 2506 honorum
356 2451 556 2524 possessionem
571 2457 680 2522 petere,
703 2449 725 2502 si
749 2449 830 2505 modo
851 2450 995 2505 defunctus
1011 2459 1123 2506 testator
1137 2462 1164 2506 et

207 2535 274 2589 ciuis
289 2533 426 2590 Romanus
441 2542 470 2590 et
485 2549 553 2588 suae
568 2534 712 2606 potestatis
724 2531 823 2588 'mortis
845 2541 967 2607 tempore
989 2534 1081 2602 luerit:
1101 2552 1162 2590 nam

207 2620 229 2674 si
245 2619 307 2675 ideo
323 2620 434 2674 inritum
449 2615 559 2673 'iactum
575 2610 633 2672 sit³
649 2625 850 2688 testamentum,
867 2618 940 2691 quod
955 2629 1019 2692 puta
1031 2621 1162 2674 ciuitatem

281 2845 361 2913 1)Ι6’.ἐ
375 2847 438 2896 Just.
455 2843 524 2912 (atl'
541 2847 580 2896 ed.
595 2845 644 2912 Bp.
733 2844 852 2914 ²)suerit
870 2849 910 2898 ed.
929 2847 977 2915 Bp
1010 2849 1081 2910 Quod
1092 2849 1160 2899 inG

207 2919 284 2968 aulea
299 2919 395 2982 iegitur
409 2925 423 2966 6
435 2918 551 2980 fortasse
565 2921 631 2968 estc
648 2915 723 2983 (oum)
735 2918 888 3002 sopitivum,
903 2921 973 2984 quod
985 2929 1043 2970 onte
1057 2920 1159 2970 excidii.

208 2985 290 3053 ⁸)Ex
307 2987 398 3038 Gdrrit.
414 2990 447 3052 ci.
463 2988 489 3036 iit
502 2987 560 3037 edd

209 3201 299 3251 Cottas.
315 3213 350 3260 66,
365 3215 385 3252 6.
401 3204 425 3264 ξ.
441 3215 460 3251 6.
481 3215 525 3262 per
538 3196 682 3267 cretionem]
698 3201 732 3262 cf.
744 3213 764 3264 6,
779 3213 818 3252 mc
832 3215 883 3266 seq.
904 3217 933 3251 ex
946 3203 998 3265 lege
1013 3198 1079 3269 lolia]
1093 3201 1127 3262 of.
1137 3212 1158 3264 6,

206 3284 252 3321 111.
264 3284 311 3324 666.
363 3268 459 3339 6146.
476 3293 509 3312 =
525 3273 548 3332 6.
558 3284 579 3321 t.
601 3271 672 3319 itit.
688 3271 731 3318 cit.
753 3271 791 3335 Cf.
811 3272 866 3336 Uip.
882 3283 916 3331 66,
923 3286 944 3323 a.
964 3273 1034 3338 Epis.
1041 3284 1061 3329 6,
1071 3285 1089 3323 6.
1103 3272 1126 3332 5.
1136 3281 1157 3322 6.

208 3341 299 3391 Collat.
314 3345 330 3391 i.
347 3359 369 3392 o.
385 3344 462 3405 primo
478 3338 578 3408 comm]
593 3343 634 3402 ἐξ.
650 3351 754 3404 ioaseq.
805 3339 830 3410 ξ,
848 3345 907 3394 146,
923 3347 987 3406 aij
1005 3343 1071 3410 ⁶(4·)
1088 3339 1107 3390 I.
1118 3343 1156 3389 tit.

207 3414 250 3460 eit.
272 3413 310 3475 Of.
328 3412 417 3462 Goliot
433 3425 467 3469 to,
481 3423 502 3462 6
517 3413 577 3471 §.a
628 3401 1007 3476 §147==§.c1.ttt.cit.
1028 3414 1155 3477 Ofilttt.

211 3481 266 3544 Uip.
282 3491 316 3543 66,
331 3493 351 3532 6
367 3493 402 3544 ss
416 3493 437 3532 6
459 3482 511 3531 Cio
526 3480 585 3543 top.
601 3493 622 3532 4
638 3482 661 3540 §-
673 3489 706 3530 16.
725 3479 814 3532 Booti.
830 3485 903 3533 adli.
915 3488 931 3534 l
942 3499 971 3548 p.
981 3481 1155 3536 multaticio.

219 3550 289 3599 Verr.
305 3564 360 3610 s,1.
377 3563 448 3603 um.
