2470 3972
195 146 260 211 226
512 149 581 216 jesu
601 165 697 200 susm.
716 147 764 200 lv.
785 153 825 201 73.

195 297 332 368 gotietur3
357 312 417 350 notu
443 297 465 350 si
487 293 552 367 quid
579 297 643 351 eius
665 298 711 350 rei
732 297 819 368 gratia
842 311 903 350 oum
926 313 958 352 eo
983 305 1148 358 contractum

122 395 184 445 215.
197 379 289 450 suerit,
303 381 339 434 ito
352 387 462 452 praetor
477 381 519 434 ius
532 379 605 446 diois,
618 386 649 433 ut
661 378 793 452 quidquid
808 381 836 434 in
849 381 896 436 itis
911 379 1041 437 mercibus
1056 374 1074 458 {¹
1086 385 1147 452 enit,

132 467 150 502 ²·
165 475 183 507 ⁵·
199 465 331 534 quodque
345 465 411 520 inde
427 470 576 533 receptum
588 467 652 529 erit,
664 465 694 519 id
706 467 783 519 inter
795 459 935 536 (patrem)
946 463 1150 536 dorninurn(ue)‚

197 551 224 604 si
237 550 306 620 quid
320 551 348 604 ei
361 546 517 616 debebitur,
532 555 559 602 et
574 553 688 604 ceteros
699 549 858 625 creditores
871 566 927 620 pro
942 557 1016 626 roto!
1023 551 1149 620 portione

196 634 404 696 distribuatur3
419 639 446 687 et
461 634 529 704 quio
544 634 601 702 ipsi
615 627 723 703 (patri)
744 627 914 708 dominatur)
930 635 1150 690 distributionem

190 719 341 787 permittit,
357 720 383 772 si
397 719 462 789 quis
476 731 515 771 en
530 713 724 772 oreditoribus
744 724 901 788 queratur,
922 721 1009 791 qnasi
1021 721 1112 774 minus
1126 721 1151 773 ei

196 802 331 857 tributum
347 804 393 870 sit,
409 817 496 872 quom
511 803 682 871 oportuerit,
696 801 775 856 hono
791 803 818 855 ei
836 804 981 857 ortionem
995 805 1150 858 adcommo-

194 886 254 954 dat,
271 900 347 957 quoe
362 885 515 940 tributaria
532 886 709 955 oppeiiotur.
746 879 793 941 73.
812 885 975 960 Praetereo
991 888 1151 942 introducto

194 975 237 1025 est
252 972 326 1025 ootio
341 970 376 1024 oe
387 970 505 1039 peculio
519 970 611 1040 deque
632 983 681 1038 eo,
701 969 778 1038 quod
796 969 827 1024 in
848 983 909 1025 rem
925 961 1050 1047 (patris)
1067 971 1149 1027 ‹iomi-

193 1046 289 1125 niiue)
306 1067 423 1108 uersum
439 1055 504 1120 erit,
520 1059 551 1108 ut
571 1055 705 1124 quamuis
717 1055 781 1108 sine
800 1056 950 1110 uoluntate
966 1048 1089 1132 (putris)
1104 1057 1150 1110 oto·

193 1128 328 1213 minine)
343 1139 486 1210 nepotium
499 1144 610 1209 pestum
626 1139 691 1206 erit,
703 1143 801 1192 tomen
815 1141 877 1193 siue
889 1140 959 1210 quid
971 1141 1003 1194 in
1018 1154 1078 1194 rem
1092 1140 1152 1194 eius

193 1235 311 1277 uersum
323 1219 429 1292 fuerit,
444 1222 476 1276 id
489 1227 576 1277 totum
589 1216 869 1291 praestantissimi,
885 1225 948 1278 siue
962 1225 1034 1296 quid
1047 1241 1103 1279 non
1117 1227 1152 1278 sit

193 1309 224 1361 in
239 1308 374 1362 remeius
390 1321 516 1368 uersum,
533 1307 564 1360 id
578 1311 699 1361 eotenus
711 1313 869 1377 praestare
883 1305 998 1378 debean
1012 1313 1152 1380 quotenus

192 1393 339 1460 peculium
358 1393 487 1460 potitur.-
510 1383 551 1466 [in
573 1405 634 1445 rem
662 1396 757 1445 autem
783 1391 888 1445 domini
904 1405 1025 1465 uersum
1046 1395 1153 1448 intelle·

193 1478 282 1547 pitur,
298 1475 436 1546 quidquid
455 1477 621 1530 necessario
641 1476 671 1529 in
692 1489 754 1530 rem
775 1477 837 1530 eius
851 1476 1017 1544 inpenderit
1038 1491 1149 1545 seruus,
1160 1483 1211 1531 [Μ]

194 1560 286 1614 ueluti
299 1561 326 1614 si
338 1564 486 1614 mutuatus
496 1561 653 1630 pecuniam
668 1559 860 1614 creditoribus
874 1561 938 1614 eius
957 1562 1087 1629 soluerit,
1103 1569 1153 1616 out

194 1643 330 1714 aedificio
344 1643 460 1698 ruentia
478 1641 608 1713 fulserit,
630 1649 681 1698 out
693 1641 827 1713 familiae
844 1639 1026 1712 frumentum
1045 1649 1153 1713 emerit,

194 1729 242 1783 uel
263 1729 348 1784 etiem
366 1725 491 1796 fundum
512 1733 563 1783 out
585 1725 740 1798 quemlibet
754 1717 851 1781 voliam
872 1741 934 1782 rem
955 1733 1153 1785 neeessariam

194 1818 342 1867 mercatus
357 1803 441 1886 erite]
463 1813 562 1883 itaque
577 1813 603 1866 si
616 1826 657 1867 en
671 1811 770 1867 decem
785 1817 889 1881 utputo
904 1815 1062 1882 sestertiis,
1079 1829 1155 1886 quoe

194 1910 301 1951 seruus
322 1901 390 1950 tuus
409 1913 428 1950 o
447 1895 519 1951 Titio
539 1902 639 1951 mutuo
655 1898 785 1967 occepit,
807 1896 947 1951 creditori
966 1903 1015 1952 tuo
1030 1901 1155 1970 quinque

194 1981 328 2036 sestertio
344 1981 472 2054 soluerit,
493 1981 607 2051 reliquo
622 1993 693 2036 uero
709 1981 835 2052 quinque
850 1979 975 2050 quotibet
989 1983 1072 2039 mono
1087 1998 1154 2038 oon-

193 2065 366 2133 sumpserit,
379 2079 435 2136 pro
450 2066 576 2135 quinque
591 2065 706 2136 quidem
721 2063 886 2120 insolidum
901 2065 1040 2120 damnari
1059 2067 1153 2138 debes,

191 2165 248 2218 pro
265 2149 370 2202 ceteris
385 2162 455 2204 uero
470 2150 597 2220 quinque
613 2153 748 2219 eotenus,
765 2154 910 2220 quotenus
929 2151 961 2204 in
974 2153 1090 2220 peculio
1105 2155 1155 2206 sit:

196 2225 247 2308 [eu
263 2249 318 2303 quo
331 2233 443 2287 scilieet
454 2237 591 2304 apparet,
603 2235 630 2287 si
640 2239 698 2288 toto
709 2233 807 2287 decem
817 2235 951 2288 sestertio
962 2235 992 2287 in
1003 2248 1065 2290 rem
1077 2241 1153 2290 tuom

195 2331 283 2372 uerso
292 2315 417 2388 fuerint,
435 2322 494 2372 tota
510 2317 606 2372 decem
621 2319 756 2372 sestertio
770 2315 873 2372 Titium
887 2321 1027 2390 consequi
1038 2313 1151 2394 posse‚·]

192 2500 257 2535 sone
279 2487 426 2548 scripturo,
449 2479 497 2535 sed
519 2487 592 2544 inde,
616 2493 739 2548 utputo,
762 2493 851 2544 enoto,
873 2487 942 2548 quod
964 2488 992 2534 in
1013 2487 1153 2552 oroltetppo

132 2597 138 2610 .
192 2556 263 2621 qnod
285 2563 355 2616 erat,
379 2557 425 2606 oui'
452 2565 467 2605 is
490 2564 624 2620 occeptum
647 2564 686 2606 est
708 2557 749 2619 qui
771 2563 797 2605 et
821 2563 935 2606 notatum
955 2548 985 2620 ti,
1009 2557 1118 2608 obeunte
1138 2568 1152 2606 u

193 2629 221 2676 in
240 2643 262 2676 o.
298 2627 337 2676 De
356 2643 385 2676 re
406 2629 473 2677 idem
493 2627 574 2678 Gaius
591 2628 633 2677 nis
651 2627 738 2676 verbis
751 2628 828 2686 dicit,
848 2629 916 2692 qnod
934 2627 989 2691 Uip.
1010 2628 1042 2677 L.
1058 2643 1078 2679 1.
1093 2631 1117 2691 ξ.
1132 2644 1150 2679 1.

192 2698 225 2746 D.
242 2699 274 2746 de
288 2698 376 2747 tribui.
392 2706 443 2748 not.
458 2697 502 2763 (14,
515 2697 548 2765 4),
562 2699 656 2748 merois
670 2700 874 2762 appeliationem,
893 2699 954 2748 ticet
967 2701 1106 2763 anpustior
1118 2702 1152 2749 sit

194 2767 322 2833 (pertinet
341 2771 407 2818 enim
417 2771 527 2832 proprie
546 2770 637 2818 adres
651 2784 717 2834 quoe
736 2767 856 2836 μερικῶς
868 2771 974 2818 minutis
983 2771 1081 2832 pretiis
1093 2787 1151 2820 oen·

193 2840 304 2898 duntur,
323 2840 391 2888 unde
410 2842 486 2888 etium
504 2841 576 2890 diota
594 2839 655 2906 est),
675 2841 770 2890 initae
789 2849 871 2890 tomen
890 2842 994 2890 notione
1013 2841 1050 2889 ad
1069 2856 1152 2890 omnes

193 2911 270 2958 etium
284 2911 392 2959 maioris
402 2911 485 2973 pretii
498 2913 722 2970 resoelutseroos,
737 2919 819 2977 topos,
834 2913 862 2960 in
872 2911 963 2975 quibus
972 2913 1032 2975 quis
1041 2914 1150 2977 nepotis-

94 2985 97 2992 '
192 2987 245 3038 tur,
256 2982 444 3045 porripendoni
453 2996 515 3030 esse.
542 2982 657 3031 Ceterum
666 2983 755 3032 vitium
765 2985 815 3031 iam
825 2983 853 3031 in
866 2981 1000 3046 Theophili
1009 2985 1152 3048 exemplari

191 3052 311 3100 extitisse
325 3051 436 3109 videtur,
456 3053 524 3101 unde
542 3052 606 3102 ineo
625 3051 704 3102 uerbo
723 3055 750 3102 in
764 3053 879 3106 Institut.
894 3053 986 3102 omisit.
1041 3050 1061 3116 1)
1083 3051 1151 3112 Quae

191 3129 347 3185 sequuntur,
366 3122 398 3171 ab
416 3123 474 3172 edd.
485 3125 581 3185 paneis
595 3126 742 3174 necessario
757 3125 855 3174 additis
869 3126 909 3172 oel
922 3125 1026 3172 mutatis
1040 3139 1075 3172 eor
1088 3123 1148 3174 Inst.

192 3195 311 3255 suppleta
325 3195 427 3244 omnino
441 3201 509 3253 sunt,
518 3195 584 3246 sotis
593 3201 656 3252 tuto,
673 3201 700 3243 ut
715 3196 817 3244 litterae
827 3195 952 3259 quaedum
961 3209 978 3242 o
987 3192 1063 3244 Sido
1072 3197 1150 3244 leotoe

127 3279 140 3294 ·
193 3263 353 3324 confirmant.
374 3263 469 3313 Verum
478 3266 554 3314 etiam
561 3263 665 3315 breuius
674 3267 798 3329 quaedam
808 3265 899 3315 Guium
906 3267 1150 3328 eoopressissespatii

192 3333 263 3382 ratio
277 3333 359 3383 dooet.
385 3334 476 3399 Itaque
490 3350 556 3399 qnae
565 3335 679 3385 inInetit.
690 3337 781 3386 addito
791 3351 846 3386 esse
856 3336 983 3394 uidentur,
1000 3331 1032 3402 []
1047 3334 1146 3387 inclusi.

198 3439 403 3448 -ι-ιι-

268 3496 294 3566 5.
310 3503 351 3550 oo.
367 3521 401 3542 =
416 3503 439 3562 s.
454 3514 475 3551 ι.
490 3501 512 3550 J.
528 3472 560 3550 u.
578 3502 617 3566 ef.
633 3503 709 3554 root.
722 3515 744 3564 2,
757 3515 778 3556 o.
