2496 3984
193 172 239 234 24
634 187 721 222 or1vs.

200 312 364 376 editionem,
378 309 542 380 propediem
557 308 671 386 quidem
684 309 713 361 in
725 307 872 376 publicum
881 307 1061 376 proditurum
1073 323 1193 376 spera-

199 381 292 444 batur,
312 395 364 432 neo
382 381 478 432 tamen
496 377 654 446 prodrerat,
679 391 732 430 neo
756 375 869 453 quando
887 375 1068 445 proditurum
1092 379 1192 439 esset,

200 449 278 502 certo
296 445 394 500 resciri
431 447 532 498 oterat.
570 443 650 508 Quod
668 441 824 498 subsidrum
843 444 875 497 ut
893 443 928 496 ab
947 441 1092 508 omnibus,
1116 444 1190 510 qui-

201 516 253 568 bus
270 514 340 568 haec
358 463 453 590 studia
470 512 547 565 cordi
565 513 639 588 suut,
659 527 714 588 quo¹
733 511 839 564 diutius
857 511 1053 588 erspectatum
1073 526 1117 564 eo
1138 527 1190 564 ar-

203 582 315 636 (lentius
334 579 524 644 desideratur,
547 581 589 632 ita
608 595 646 642 or,
667 595 716 645 qur
739 576 802 630 Gaii
819 578 1016 631 institutiones
1040 575 1188 632 editurus

150 679 156 692 ·
202 652 254 716 est,
274 665 387 728 prorsus
405 647 594 702 necessarium
612 644 703 700 videri
722 645 815 702 debet.
850 644 891 698 Ex
914 645 957 699 his
981 646 1071 710 enim,
1100 661 1188 726 quae

204 717 259 770 viri
276 734 305 769 m
323 713 537 794 investigandis
551 711 841 832 recognoscendiergue
863 713 1007 782 scripturis
1027 711 1189 766 deletrciis

203 785 431 839 exercitatrssrmr
443 797 597 859 ingenium,
623 777 681 832 'des
693 785 779 848 atque
811 779 920 834 ostrina
931 779 1074 849 spondent
1087 795 1187 848 quae·

203 849 463 928 que'quibusdam·
477 865 565 916 rpsrus
591 847 748 916 apographi
773 845 942 927 Veronensis
967 847 1187 925 speciminibus

202 913 1185 1060 retrattestarisitantlatitantium

206 1051 358 1116 latuerant,
377 1051 412 1103 ab
433 1065 466 1103 eo
485 1050 560 1102 lecta
579 1065 646 1112 esse,
666 1049 717 1102 sed
735 1051 820 1104 etiam
838 1049 922 1118 plura
943 1049 1092 1102 oculorum
1114 1050 1183 1102 acie

203 1122 247 1175 ita
265 1120 370 1173 certius
389 1117 502 1186 cognita
521 1133 553 1170 ac
571 1115 703 1181 definita,
726 1118 758 1170 ut
776 1134 845 1186 quos
863 1116 905 1170 illi
922 1117 952 1168 in
970 1116 1090 1169 schedas
1111 1133 1183 1170 suas

203 1188 363 1242 retulerant
383 1184 542 1238 litterarum
566 1184 666 1237 ductus
690 1185 847 1253 quibusque
873 1187 911 1249 ei,
936 1183 985 1250 qui
1008 1185 1182 1238 coniectura

202 1257 321 1310 lacunas
339 1252 449 1321 replere
462 1251 626 1318 conabatur,
646 1250 738 1305 adhuc
755 1252 892 1306 utendum
905 1253 974 1316 erat,
993 1251 1181 1320 inexspecta-

202 1332 264 1378 tum
283 1322 313 1375 in
331 1320 447 1374 modum
466 1319 656 1389 corrigantur,
683 1320 712 1372 et
729 1336 803 1374 nuno
822 1319 949 1384 demum,
968 1319 1036 1387 quid
1055 1333 1180 1387 quoque

201 1393 265 1446 lcco
288 1390 425 1457 scriptum
448 1403 509 1442 esse
532 1387 658 1456 potuerit
679 1387 726 1440 vel
747 1403 817 1452 non,
840 1389 902 1440 tuto
927 1391 1052 1440 statuere
1074 1385 1177 1440 liceat.

202 1459 304 1535 Itaque
322 1457 376 1508 hoc
394 1453 558 1508 adiumento
577 1455 728 1507 destitutus
745 1454 856 1508 nonnisi
873 1455 1043 1507 necessitate
1057 1454 1179 1507 coactus

201 1527 309 1579 invitus
334 1525 420 1590 atque
444 1521 572 1598 ingratiis
595 1521 632 1574 ad
653 1521 812 1575 iterandam
840 1521 913 1576 hauc
940 1521 1096 1575 editionem
1125 1521 1177 1574 ad·

240 1607 318 1646 essus
336 1606 396 1643 sum
428 1604 521 1642 animo
541 1588 650 1642 scilicet
668 1589 849 1657 prospiciens,
868 1605 934 1642 mox
951 1591 1021 1652 sore,
1039 1590 1073 1641 ut
1084 1605 1175 1656 quae-

225 1677 270 1713 am
288 1659 317 1711 in
336 1673 370 1711 ea
388 1629 584 1710 desiderentur
602 1655 716 1710 aliunde
733 1656 866 1725 petenda,
887 1656 956 1720 alia,
975 1672 1009 1710 ex
1027 1655 1175 1725 prioribus

206 1725 378 1782 editionibus
390 1725 510 1788 retenta,
524 1723 691 1778 certioribus
705 1727 734 1778 et
745 1724 910 1778 melioribus
922 1723 1023 1778 cedere
1036 1723 1172 1777 debeant.

207 1797 339 1851 Ceterum
356 1793 410 1845 hac
428 1790 542 1844 fortuna
560 1791 663 1844 adduci
680 1808 726 1845 me
738 1799 837 1860 pas'sus
849 1807 906 1845 non
919 1809 991 1858 sum,
1009 1793 1043 1844 ut
1054 1791 1172 1844 interim

207 1863 321 1917 omnino
339 1860 450 1913 tantum
469 1860 565 1927 priora
581 1861 749 1938 repeterem.
780 1858 886 1913 Saltem
905 1875 978 1925 quae
996 1858 1086 1928 potui,
1105 1875 1172 1928 sup-
1230 1877 1231 1896 Ι

205 1929 283 1999 plevi
306 1929 336 1981 et
354 1926 503 1980 emendavi
526 1943 718 1995 memeque,
743 1943 815 1996 quae
838 1943 872 1981 ex
891 1925 1080 1980 Studemundi
1102 1941 1173 1995 apo-

206 1997 314 2116 grapho
334 1993 380 2074 uel
397 1993 459 2061 ipso
478 1995 609 2072 (maxime
633 1995 663 2046 in
687 1993 917 2072 ‘Mittheilungen
936 1995 1044 2114 antiqlu.
1062 1993 1172 2047 Inhalts

206 2082 232 2118 a.
266 2103 272 2115 .
290 2061 496 2129 Palmrpsesten
515 2059 542 2116 d.
556 2060 653 2116 Garus’
671 2061 745 2130 Inps.
760 2063 836 2129 1869)
855 2061 902 2115 vel
920 2061 983 2116 alus

1022 2060 1172 2114 Qfflm

207 2131 321 2201 publice
338 2127 507 2198 privatimve
527 2128 798 2184 communicantibus
816 2129 845 2184 in
857 2129 989 2182 notitiam
1002 2144 1095 2182 meam
1107 2079 1171 2182 ger-

206 2199 352 2274 venerant,
371 2197 401 2248 in
419 2211 479 2250 rem
497 2212 590 2273 meam
603 2197 738 2251 converti.
769 2197 830 2262 Qua
842 2197 952 2250 ratione
965 2197 1042 2250 certe
1055 2145 1170 2264 quiim-

206 2267 271 2320 dam
289 2267 359 2318 locrs
381 2263 451 2316 haec
475 2262 563 2316 edrtic
581 2263 628 2316 vel
645 2264 815 2334 locupletior
832 2265 878 2318 vel
896 2261 1073 2318 emendatior
1090 2279 1170 2332 repe-

207 2334 297 2388 rietur
314 2331 395 2386 velut
411 2329 433 2383 Ι.
452 2333 574 2386 arb—35.
594 2335 634 2384 78.
654 2339 694 2387 95.
715 2339 771 2385 112.
790 2331 824 2385 Π.
845 2337 901 2390 120,
921 2337 977 2385 tat.
997 2329 1047 2389 ΙΙΙ,
1067 2336 1109 2384 43.
1127 2338 1169 2384 44.

206 2407 248 2455 47.
267 2401 315 2454 IV.
337 2403 585 2452 15.17·.95.1ba.
606 2405 663 2453 166.
699 2399 731 2452 ln
752 2399 935 2453 adnotatione
958 2415 1025 2452 vero
1043 2398 1169 2452 codicem
1229 2419 1230 2462 ᾗ

205 2467 398 2522 veronensem
417 2481 434 2518 a
453 2463 651 2520 Studemundc
674 2467 834 2536 inspectum
857 2466 909 2520 hec
931 2467 1000 2520 nota
1022 2469 1068 2519 V·t
1086 2465 1169 2536 signi·

207 2536 290 2591 ficari
309 2537 338 2590 et
355 2533 479 2588 distinxi.

276 2789 517 2869 Tandem-Gaium
532 2805 566 2843 ex
578 2790 641 2858 ipso
654 2803 671 2842 a
692 2787 818 2869 ograplro
831 2750 1072 2841 Studemondiano
1086 2787 1167 2866 edere

207 2857 670 2978 attributati-tlte
681 2856 818 2977 attii
835 2871 904 2976 tit
922 2853 1167 2975 {tuirstatt

209 2942 323 3057 erediit,
343 3007 360 3044 a
376 2989 535 3113 bibliopola
556 2941 659 3110 gnoque
674 2991 759 3060 digne
778 2941 956 3054 alienarum,
970 2988 1080 3058 Lipsiae
1093 2990 1165 3058 apud

236 3059 362 3113 iraelium
376 3073 402 3114 a.
413 3059 467 3113 MD
492 3058 558 3113 CCL
585 3059 610 3111 X
624 3057 788 3116 V.hocsub
797 3058 895 3112 titulo:
911 3063 969 3113 Gaii
982 3061 1165 3112 Institutionum
1228 3119 1229 3126 ἵ

206 3133 379 3183 commentarii
406 3137 534 3197 quattuor.
578 3131 678 3180 Codicis
705 3131 861 3180 Veronensis
888 3131 970 3178 denuo
998 3130 1084 3179 colluti
1106 3145 1165 3192 opo·

206 3201 332 3265 propitum
350 3201 460 3261 conset-it
478 3206 503 3248 et
522 3200 590 3248 iussu
608 3199 755 3247 academice
776 3198 867 3261 rapine
888 3199 1050 3246 scientiarum
1068 3194 1163 3245 Bercli·

207 3270 293 3318 nensis
305 3270 385 3320 edidit
400 3267 535 3317 Guilelmus
545 3263 708 3318 Studemund.
740 3261 928 3329 Praemissum
941 3261 984 3314 est
995 3261 1164 3328 prooemium

208 3331 315 3394 omnia,
338 3346 411 3400 quae
436 3329 472 3383 ad
495 3327 621 3382 codicem
645 3327 762 3396 eiusque
780 3328 840 3382 iata
856 3327 1014 3396 pertinent,
1039 3327 1163 3380 accurate

206 3414 353 3465 enarrans,
381 3397 508 3454 adiectus
534 3396 649 3462 praeter
675 3396 732 3450 alia
758 3395 863 3450 ‘Iudex
885 3396 1041 3458 notarum’,
1067 3393 1163 3448 codicis

209 3467 377 3535 scripturam
398 3462 588 3538 tractantibus
615 3463 753 3530 perutilis.
803 3461 864 3518 Hoc
890 3463 978 3540 igitur
1004 3476 1077 3516 novo
1101 3461 1160 3516 sub-

209 3533 280 3588 sidio
299 3533 425 3601 vulgato,
444 3545 507 3584 cum
524 3544 582 3584 ram
599 3529 628 3582 in
645 3529 765 3586 Batavis
781 3530 888 3586 frustm
908 3529 975 3582 inde
995 3527 1161 3597 percipiendi
