2534 3976
182 187 231 251 40
500 203 559 238 ean
577 181 670 240 msam.
690 185 717 264 Ι,Ι
730 193 843 241 53-56.

129 341 170 388 14·
183 337 214 394 id
238 337 349 392 domiuo
364 327 506 408 'adquiri.¹
550 329 598 392 58.
620 333 672 388 Sed
688 333 741 389 ho'o
765 343 887 406 tempore
910 351 1003 408 neque
1031 334 1157 391 ciuibus
1184 327 1188 412 l

182 422 324 491 Romanis,
347 437 397 476 nec
419 419 484 474 ullis
509 418 569 474 aliis
592 416 758 488 homiuibus,
782 419 828 491 qui
850 417 901 474 sub
924 421 1051 493 imperio
1080 419 1190 494 populi

183 505 300 561 Romani
313 513 389 574 sunt,
413 503 479 559 lieet
494 517 578 575 supra
595 501 703 556 modum
720 509 747 556 et
762 503 821 558 sine
837 517 917 557 causa
933 504 962 557 lu
979 518 1095 560 seruos
1114 519 1190 559 suos

183 591 311 646 saeuire:
334 605 393 644 nam
414 604 446 643 ex
468 585 675 642 ’constitutione
697 579 891 640 saeratissiml²
913 588 1109 660 imperatoris
1128 589 1191 643 An-

183 673 276 730 tonini
292 674 337 745 qui
353 673 411 727 siue
426 685 507 726 causa
523 685 633 724 seruum
648 683 727 723 suum
743 669 883 741 occiderit,
898 685 955 726 non
970 673 1072 727 minus
1088 673 1191 728 teneri

185 757 307 826 iubetur,
322 770 402 832 quam
414 756 461 826 qui
472 754 590 808 alienum
602 765 712 807 seruum
724 753 865 812 occiderit.
892 754 940 809 sed
954 764 983 810 et
994 757 1097 812 maior
1110 773 1190 828 quo·

186 857 242 914 que
254 829 385 912 asperitas
402 839 576 893 dominorum
593 851 641 908 per
652 835 773 890 eiusdem
785 838 914 910 principis
928 840 1189 910 constitutionem

185 933 345 980 coercetur:
367 938 427 978 nam
450 920 594 976 consultus
609 935 623 973 a
639 917 798 991 quibusdam
813 921 984 994 praesidibus
1007 925 1188 998 prouincia·

186 1023 249 1064 rum
266 1007 299 1062 de
314 1007 356 1061 his
366 1007 465 1076 seruis,
482 1005 529 1076 qui
540 1002 573 1058 ad
587 1003 646 1057 lana
656 1002 769 1058 deorum
783 1003 827 1058 uel
839 1004 871 1060 ad
883 1013 992 1060 statuas
1005 1009 1186 1080 principum

186 1090 364 1163 confugiunt,
380 1089 529 1162 praecepit,
553 1095 582 1141 ut
604 1087 626 1140 si
642 1085 820 1142 intolerabilis
841 1088 969 1144 uideatur
984 1091 1185 1147 dominorum

186 1175 320 1245 saeuitia,
342 1179 478 1246 cogantur
500 1186 597 1226 seruos
619 1168 747 1225 uendere.
790 1178 818 1227 et
840 1179 990 1246 utrumque
1015 1185 1106 1232 recte
1133 1173 1185 1231 iit:

187 1258 260 1314 male
276 1259 346 1313 euim
362 1265 459 1311 nostro
475 1255 534 1310 lure
556 1255 595 1308 uti
615 1267 670 1308 non
690 1251 835 1322 debemus3
852 1271 904 1327 qua
920 1259 1031 1313 ratione
1049 1268 1084 1316 et
1110 1276 1184 1333 pro·

187 1342 261 1415 digis
281 1340 453 1396 interdicitur
475 1339 608 1394 bonorum
624 1351 735 1391 suorum
756 1336 964 1395 administratio.
1010 1339 1064 1401 54.
1091 1343 1183 1399 Cete-

188 1442 249 1481 rum
266 1441 326 1479 cum
349 1425 426 1496 apud
440 1415 512 1478 aldes
528 1420 663 1476 Romanos
678 1419 778 1491 duplex
793 1423 829 1475 sit
849 1422 1003 1480 dominium
1019 1423 1110 1496 (nam
1128 1426 1180 1482 uel

187 1509 311 1564 inbonis
332 1508 377 1562 uel
400 1523 432 1560 ea
447 1507 506 1560 iure
522 1503 663 1570 Quiritium
687 1503 730 1557 uel
751 1519 783 1558 ex
804 1511 923 1578 utroque
944 1509 1007 1564 lure
1024 1513 1180 1584 cuiusque

189 1607 288 1647 seruus
304 1605 363 1646 esse
378 1583 574 1660 intellegatur),
596 1588 633 1641 ita
655 1585 762 1644 demum
777 1603 888 1643 seruum
909 1591 937 1646 in
953 1599 1105 1664 potestate
1122 1595 1178 1650 do·

189 1674 255 1732 mini
272 1689 333 1729 esse
347 1673 484 1742 dicemus,
508 1671 531 1725 sl
547 1671 573 1725 iu
589 1668 666 1725 bouis
682 1669 740 1724 eius
755 1671 807 1741 sit,
829 1673 935 1728 etiamsi
951 1675 1035 1732 simul
1053 1695 1089 1734 ex
1108 1681 1177 1734 iure

112 1744 118 1752 ’
190 1758 334 1826 Quiritium
350 1756 470 1812 eiusdem
490 1771 545 1809 non
567 1755 615 1809 sit:
635 1769 695 1807 nam
718 1754 764 1824 qul
783 1754 886 1811 nudum
906 1758 949 1812 ius
966 1757 1126 1826 Quiritium
1144 1763 1175 1817 ln

189 1858 273 1898 seruo
289 1839 380 1910 habet,
396 1842 418 1896 is
433 1845 597 1912 potestatem
613 1835 710 1892 habere
726 1853 781 1892 uon
795 1838 978 1914 intellegitur.

254 1922 301 1981 56.
323 1923 389 1979 ltem
403 1925 431 1977 in
447 1930 583 1995 potestate
598 1928 690 1975 nostra
707 1927 770 1974 sunt
785 1921 862 1978 liberi
875 1926 975 1996 nostrl,
993 1943 1068 1999 quos
1081 1931 1172 1986 iustis

191 2009 294 2080 nuptiis
310 2007 524 2078 procreauimus.
551 2004 622 2076 quod
637 2005 679 2058 ius
695 2005 836 2076 proprium
851 2006 952 2062 ciuium
969 2009 1171 2070 Romanorum

194 2097 251 2145 est:
268 2089 410 2144 lerevuim
426 2087 494 2142 nulli
509 2087 553 2143 alii
568 2095 632 2142 sunt
647 2087 779 2158 homines,
796 2089 844 2160 qul
860 2089 939 2146 talem
955 2093 984 2148 in
1001 2093 1078 2155 lilios
1094 2114 1170 2154 suos

141 2176 182 2225 15.
194 2173 295 2228 hahent
309 2179 484 2246 potestatem,
500 2170 604 2244 qualem
619 2187 669 2226 nos
686 2170 822 2231 habemus.
841 2173 923 2246 idque
939 2175 1027 2234 diuus
1038 2176 1169 2238 llaldria·

180 2239 247 2312 'nos
262 2255 365 2328 edicto,
382 2254 454 2328 quod
470 2256 614 2328 proposuit
629 2254 662 2310 de
677 2254 734 2326 his,
756 2255 867 2326 quirslbi
883 2255 1035 2334 liberisque
1051 2239 1113 2321 suls
1132 2265 1167 2320 ab

196 2357 229 2395 eo
253 2341 389 2394 ciuitatem
405 2337 548 2393 Romanam
569 2337 714 2412 petebant,
735 2336 908 2410 significauit.
940 2341 1005 2400 ‘nec
1021 2363 1067 2404 ine
1084 2365 1167 2424 prae-

196 2419 285 2492 terit'‚
301 2426 350 2492 ait,
368 2419 534 2478 ‘Galatarum
548 2431 658 2494 pentem
675 2420 795 2491 credere,
812 2423 839 2476 in
858 2431 998 2494 potestate
1012 2443 1166 2502 parentum

192 2505 293 2562 liberos
318 2499 422 2564 esse'.³
474 2501 522 2563 56.
555 2505 663 2562 ’Inatos
692 2511 786 2560 eutem
815 2510 934 2576 nuptias
964 2521 1166 2574 contraxisse

193 2621 406 2632 ...-

266 2671 286 2738 l)
301 2675 433 2738 adquiritur
448 2673 473 2723 0.
489 2674 546 2722 edd.
565 2672 619 2722 Sea
631 2673 757 2720 sententia
771 2678 796 2719 et
810 2687 852 2720 rea
867 2673 925 2736 ipsa
935 2673 982 2738 (cf.
994 2690 1016 2738 1,
1027 2691 1065 2732 54.
1082 2697 1104 2744 2,
1115 2683 1164 2750 88.)

193 2746 310 2808 adriperet,
325 2751 353 2792 ut
367 2760 422 2793 cum
431 2744 587 2794 Hctoondro
597 2741 643 2808 (ad
652 2742 711 2806 Dip-
723 2743 739 2788 l.
751 2739 784 2806 c.)
794 2743 908 2806 tapamas
917 2745 1023 2809 adquiri.
1067 2751 1089 2820 ²)
1102 2771 1163 2804 con-

192 2814 328 2862 stitutiones
344 2814 369 2862 0.
398 2816 424 2862 a'u
439 2830 488 2878 quo
501 2813 608 2863 Studes
621 2825 712 2876 apopr.
723 2825 751 2872 p.
765 2821 812 2860 too.
828 2813 930 2861 literam
945 2830 957 2863 s
973 2833 1047 2870 mero
1063 2827 1165 2874 calama·

193 2885 279 2945 lapsui
292 2883 390 2932 tribuit.
418 2883 471 2934 Sed
485 2885 579 2934 collatu
593 2883 625 2930 L.
641 2893 661 2932 9.
676 2881 708 2928 Ι).
724 2881 759 2928 ad
771 2879 819 2929 SC.
838 2880 945 2932 Tertull.
963 2885 1010 2950 (³8,
1027 2891 1065 2958 17)
1081 2897 1161 2944 etiam

192 2953 216 3001 Ιι.
225 2955 251 3015 l.‚
260 2953 303 3001 ubi
313 2953 393 3002 Gaius
401 2956 443 3002 sua*
453 2954 617 3017 imperatorio
623 2953 735 3015 primum
745 2953 893 3000 mentionem
902 2953 981 3014 facit,
994 2966 1161 3014 sacratissimi

193 3037 249 3071 cum
259 3025 344 3086 prior.
355 3025 412 3072 edd.
427 3027 539 3073 retinere
553 3025 639 3072 maloi.
695 3018 716 3086 ⁸)
733 3020 792 3068 Cum
807 3023 833 3068 iu
845 3021 866 3068 0
878 3020 913 3086 (et
928 3024 955 3071 V
957 3023 989 3091 εἲ)
999 3031 1037 3079 sit
1047 3034 1101 3084 diui
1112 3037 1161 3084 lla·

263 3159 288 3231 §,
304 3167 345 3214 53.
362 3185 395 3206 =
410 3165 442 3212 L,
458 3176 476 3212 1.
493 3165 516 3224 ς,
531 3157 602 3212 a'I).
618 3164 641 3222 ξ.
656 3173 676 3210 a.
692 3159 714 3208 I.
730 3160 784 3208 eod.
807 3160 844 3222 Of.
863 3161 953 3212 Gottat.
974 3178 996 3224 a,
1013 3181 1035 3220 a.
1052 3184 1075 3223 a,
1101 3191 1160 3240 pm.

193 3231 266 3300 digis]
284 3233 321 3295 os.
338 3234 413 3282 Paua.
429 3246 449 3292 a,
463 3237 498 3283 aa
514 3236 536 3294 s.
552 3244 572 3282 a.
623 3229 647 3298 §-
664 3233 705 3280 54-
727 3229 765 3292 Of-
780 3231 820 3290 tt·
835 3227 884 3280 21¹³·
900 3243 934 3282 aa.
955 3236 1033 3299 infra
1044 3255 1066 3305 a,
1077 3257 1113 3296 to.
1125 3259 1160 3298 aa.

192 3315 275 3360 a,1oo.
299 3303 439 3366 tltp.1,1a.
462 3301 592 3366 itaeoptit.
607 3314 628 3360 1,
640 3311 662 3351 a.
683 3303 705 3361 ξ.
716 3311 751 3366 4.,
787 3295 865 3366 §.bit
881 3322 915 3342 =
930 3303 964 3352 L.
980 3319 1007 3356 3.-
1023 3309 1162 3368 Ι).άε’1ιι·ε

193 3389 214 3434 q.
230 3375 272 3422 aui
284 3389 306 3422 o.
322 3375 355 3421 al.
371 3375 421 3421 iar.
437 3371 468 3436 (1,
483 3372 513 3438 o).
524 3387 568 3434 pr.
584 3374 609 3433 ξ.
620 3383 639 3421 2.
655 3371 677 3420 J.
692 3371 723 3418 de
734 3377 804 3432 patr.
816 3377 870 3432 pot.
887 3370 919 3435 (1,
934 3372 966 3438 9).
988 3379 1067 3442 iufra
1083 3387 1109 3446 §-
1125 3372 1165 3438 93,γ

192 3441 300 3506 Dionys.
315 3455 336 3500 2,
351 3453 384 3492 io.
405 3439 551 3508 Galatarum]
568 3443 602 3505 cf.
619 3442 689 3492 Caes.
706 3440 737 3488 de
751 3439 773 3487 Ι).
793 3439 858 3488 date.
874 3453 895 3502 6,
911 3453 944 3492 19.
1006 3445 1033 3516 §-
1051 3455 1096 3506 56,
1120 3458 1160 3520 cf,

196 3511 251 3574 Ulp.
266 3524 287 3571 5,
302 3524 313 3562 2
327 3527 378 3574 aeq.
