2496 3984
392 185 449 222 een
467 187 558 222 marra.
578 167 598 220 I.
615 148 728 224 oa-oe.
996 169 1040 234 43

56 317 134 374 dem
151 322 189 374 ut
202 309 282 374 nuti¹
299 324 378 388 sunt,
393 325 535 390 parentum
550 318 578 372 in
592 324 730 390 potestate
745 336 800 376 non
816 317 895 388 flant,
911 319 930 374 ii
945 326 1041 393 postea

13 403 42 450 ⁷]
57 410 165 458 tamen
189 401 350 475 redigantur
368 403 396 458 in
417 408 591 475 potestatem.
636 397 685 460 66.
717 403 798 460 Ueiut
823 405 850 460 si
867 403 984 460 Latinus
1008 420 1040 458 en

57 487 134 560 lege
151 485 230 542 Aelia
246 485 338 544 Sentia
353 481 440 542 uxore
454 485 533 542 ducta
549 483 634 542 filium
646 489 849 559 procreauerit·
859 495 906 544 aut
917 485 1039 544 Latinum

58 587 98 627 ex
116 569 219 626 Latina
234 579 281 626 aut
301 571 389 626 ciuem
404 568 552 626 Romanum
574 585 608 626 ex
629 571 689 628 ciue
704 571 835 636 Romana,
856 587 912 628 non
932 569 1041 626 habebit

61 671 136 710 eum
154 655 184 710 in
200 662 353 727 potestate3
369 653 430 710 ’sed
442 659 469 711 ei
479 661 578 726 postea
593 671 673 710 causa
686 657 808 727 probata
825 658 971 713 ciuitatem
982 655 1040 711 Ro·

62 755 193 796 mannan
210 750 215 800 t
232 745 403 796 consecutus
414 738 522 811 suerit,
538 738 640 796 ’ciuem
654 737 803 796 Romanum
819 757 880 796 eum
896 732 1039 796 simu1²in

65 829 218 896 potestate
244 815 249 901 1
276 839 325 878 sua
346 821 445 880 habere
465 823 569 896 incipit.
613 818 658 882 67.
679 824 745 880 item
772 826 796 882 si
816 825 884 882 ciuis
905 823 1039 880 Romanus
1051 829 1091 876 18.
1174 851 1177 854 -

63 907 197 964 Latinam
214 915 261 963 aut
275 907 445 980 peregrinam
461 923 573 964 uxorem
589 907 697 966 duxerit
711 925 761 982 per
771 909 962 984 ignorantiam,
979 923 1040 964 cum

63 1008 131 1048 eam
149 993 240 1048 ciuem
254 989 398 1048 Romanam
415 1007 475 1048 csse
491 991 626 1064 erederet,
642 1002 670 1048 et
685 991 770 1048 filium
782 993 980 1068 procreauerit‚
996 992 1041 1048 hic

63 1093 127 1132 non
147 1085 192 1132 est
206 1077 234 1131 in
249 1083 387 1150 potestate
402 1076 476 1148 eius,
500 1077 611 1149 quiana
627 1075 736 1150 quidem
752 1079 819 1142 ciuis
837 1077 971 1134 Romanus
986 1084 1039 1147 est,

64 1160 121 1216 sed
137 1168 188 1216 aut
203 1159 315 1216 Latinus
331 1167 378 1215 aut
391 1161 568 1234 peregrinus,
589 1159 616 1216 id
632 1171 675 1218 est
689 1163 748 1218 eius
762 1162 946 1230 condicionis,
962 1161 1039 1216 ouius

68 1253 101 1300 et
117 1253 210 1300 mater
224 1245 316 1314 suerit,
332 1245 394 1318 quia
409 1261 465 1300 non
480 1243 559 1302 aliter
574 1247 690 1318 quisque
706 1245 738 1302 ad
753 1247 838 1319 patris
852 1244 1040 1302 condicionem

72 1329 194 1392 accedit,
215 1345 298 1403 ¹quem
319 1330 343 1384 si
363 1329 435 1384 iuter
455 1337 559 1402 patrem
583 1336 612 1384 et
627 1337 737 1384 matrem
753 1331 811 1386 eius
827 1327 973 1386 conubium
989 1329 1039 1384 sit:

71 1411 126 1470 sed
143 1429 176 1469 ex
190 1411 432 1470 senatusconsulto
447 1412 614 1485 permittitur
628 1429 735 1468 causam
752 1414 853 1468 erroris
868 1412 995 1486 probare,
1012 1418 1040 1466 et

71 1500 112 1554 ita
135 1514 208 1554 uror
229 1513 340 1571 quoque
360 1504 389 1552 et
408 1495 479 1552 filius
499 1498 535 1552 ad
548 1497 686 1554 ciuitatem
701 1496 847 1554 Romanam
863 1497 1040 1570 perueniunt,

72 1591 104 1637 et
120 1599 155 1637 ex
171 1598 204 1637 eo
220 1590 343 1656 tempore
364 1581 459 1653 incipit
480 1579 553 1636 titius
572 1581 600 1636 in
619 1589 755 1654 potestate
770 1583 855 1654 patris
871 1597 940 1639 esse.
969 1580 1040 1638 idem
1140 1647 1147 1662 Ι

72 1667 145 1722 iuris
162 1673 220 1737 est,
235 1667 259 1722 si
274 1682 330 1721 eam
346 1680 395 1738 per
409 1666 588 1738 ignorantiam
604 1681 716 1722 uxorem
732 1665 854 1734 duxerit,
876 1682 947 1738 quae
967 1663 1041 1720 dedi·

72 1753 205 1807 ticionum
226 1767 341 1808 numero
363 1757 421 1819 est,
444 1750 496 1807 nisi
517 1747 590 1822 quod
612 1765 685 1804 uxor
705 1765 760 1804 non
781 1747 813 1804 iit
827 1751 894 1804 ciuis
909 1747 1040 1804 Romana.

73 1832 125 1892 68.
151 1835 217 1890 item
241 1836 263 1890 si
286 1835 354 1890 ciuis
373 1831 493 1889 Romana
515 1848 565 1906 per
587 1849 706 1888 errorem
729 1841 813 1906 nupta
835 1835 872 1890 sit
893 1832 1040 1906 peregrino

75 1931 214 1992 tamquam
230 1919 283 1976 ciui
294 1917 424 1989 Romano,
446 1917 614 1990 permittitur
634 1918 658 1972 ei
675 1933 781 1974 cansam
797 1917 898 1976 erroris
913 1915 1040 1990 probare,

76 2013 107 2062 et
121 2005 160 2060 ita
175 2001 247 2060 iilius
260 2019 370 2076 quoque
385 2003 445 2058 eius
460 2009 488 2057 et
499 2002 612 2058 maritus
627 2003 664 2056 ad
673 2002 811 2058 ciuitatem
823 2000 968 2058 Romanam
980 1994 1041 2074 per·

77 2090 220 2158 ueniunt‚‘
231 2094 258 2143 et
273 2103 359 2160 aeque
380 2085 460 2142 simul
474 2087 569 2159 incipit
583 2083 655 2141 fitius
670 2087 698 2142 in
714 2094 850 2160 potestate
870 2086 954 2160 patris
969 2100 1040 2142 esse.

77 2173 150 2229 idem
174 2173 241 2228 iuris
260 2179 319 2242 est,
341 2173 365 2226 si
387 2172 533 2244 peregrino
555 2178 690 2243 tamquam
711 2171 806 2228 Latino
827 2169 942 2243 exlege
968 2168 1040 2226 tetta

79 2257 172 2314 Sentia
194 2264 278 2330 nupta
302 2257 351 2319 sit;
377 2271 436 2310 nam
459 2254 535 2310 etde
552 2255 605 2310 hoc
626 2253 779 2328 specialiter
801 2251 1040 2311 senatusconsulto

79 2348 199 2398 canetur.
237 2339 307 2395 idem
323 2341 389 2395 iuris
411 2346 454 2394 est
475 2339 657 2411 aliquatenus,
680 2340 702 2393 si
725 2341 760 2408 ei,
783 2340 830 2412 qui
852 2337 1040 2394 dediticiorum

80 2441 194 2482 numero
215 2431 272 2497 est,
296 2431 432 2498 tamquam
452 2425 505 2478 cini
522 2422 641 2478 Romano
663 2431 709 2477 aut
723 2421 821 2477 Latino
844 2422 868 2478 'e
889 2421 950 2494 lege
966 2419 1039 2476 Aelia

81 2499 192 2566 Sentia³
206 2516 290 2582 nupta
305 2510 355 2578 sit;
377 2508 428 2564 nisi
445 2506 517 2582 quod
532 2506 637 2563 scilicet
654 2508 699 2580 qui
715 2506 905 2562 dediticiorum
927 2520 1039 2560 numero

154 2676 174 2744 ¹)
187 2678 233 2728 En
246 2678 312 2728 Inst.
337 2675 391 2728 Sed
407 2677 566 2741 sequentium
584 2690 666 2724 causa
684 2674 778 2724 addidi
798 2669 941 2738 ‘quidem'.
970 2678 1042 2722 utet

87 2750 239 2813 iiteopda'lus
257 2750 350 2816 legisse
369 2748 479 2796 videtur.
555 2742 575 2812 ²)
595 2745 666 2794 simul
685 2759 741 2807 ergo
760 2759 814 2794 eum
832 2742 925 2794 Sedent.
948 2742 1040 2792 Gaison.

85 2821 151 2886 quod
160 2827 236 2870 antea
246 2821 273 2870 in
283 2819 342 2870 edd.
352 2825 478 2868 retentum
487 2834 544 2868 cum
554 2818 600 2868 uie
609 2817 686 2866 dutus
696 2817 749 2866 ioci
761 2817 804 2874 sit,
820 2817 847 2864 c'n
860 2815 885 2865 0.
901 2816 941 2863 uel
950 2814 1041 2864 orche-

85 2901 143 2956 tppo
151 2891 412 2955 potiusfueritirom.
421 2889 610 2952 transpositae.
619 2887 702 2948 simu13
717 2888 860 2938 nuncetiam
866 2887 950 2949 fitium
963 2885 1042 2936 ciuem

87 2963 154 3012 Rom.
168 2963 274 3026 suctum,
288 2963 314 3012 si
326 2976 377 3011 non
392 2967 458 3019 erat,
473 2966 561 3010 tacere
574 2958 655 3008 Gaius
664 2973 715 3008 non
725 2964 832 3021 poterat
841 2955 887 3021 (cf.
900 2969 920 3014 1,
930 2955 979 3022 ut);
993 2956 1042 3005 doc

86 3049 143 3084 uero
157 3039 259 3096 recepto
273 3034 350 3082 etium
359 3033 386 3081 in
396 3031 603 3094 interpretandis
612 3031 654 3088 iis,
665 3045 731 3093 quae
737 3029 900 3092 praecedunt
910 3029 937 3076 in
950 3026 1041 3076 Gdscli.

87 3113 110 3155 et
122 3104 219 3154 Bludm.
233 3102 340 3166 Sciet,
355 3103 458 3166 aliquid
471 3101 618 3150 mutandum
632 3107 698 3149 erat.
741 3097 763 3165 ³)
778 3115 799 3148 a.
815 3113 841 3147 se
856 3098 969 3160 lageas.
986 3095 1013 3144 V
1014 3091 1042 3148 ’9.

86 3181 111 3226 ut
125 3176 251 3226 secundum
265 3175 343 3236 legem
356 3174 446 3224 Aeliam
457 3171 563 3222 Sentiam
573 3172 613 3222 ed.
625 3171 715 3220 Pelen.
741 3170 779 3233 Cf.
790 3175 934 3234 sequentem
948 3173 1041 3216 notam.

154 3313 178 3384 §-
194 3319 235 3368 66.
248 3297 296 3380 df.
316 3314 372 3378 Uip.
387 3326 408 3372 a,
422 3325 443 3364 4.
458 3327 541 3376 supro
555 3315 578 3373 ς.
594 3324 629 3364 ss.
680 3307 706 3379 ξ.
723 3313 764 3361 ot.
786 3310 825 3372 Os.
844 3308 900 3372 Utp.
915 3319 935 3365 a,
949 3319 970 3356 e.
985 3317 1007 3365 o,
1021 3317 1042 3357 o.

89 3389 157 3452 infra
171 3400 192 3446 a,
206 3399 253 3438 ma.
272 3399 294 3445 a,
308 3396 329 3438 o.
345 3397 379 3437 aa.
400 3384 490 3436 Cottae.
505 3395 540 3441 ns,
554 3395 575 3434 a.
591 3385 614 3444 t.
625 3393 646 3446 a,
657 3394 692 3441 sc,
706 3393 726 3434 e.
742 3382 781 3442 §t
791 3391 811 3430 τ.
824 3390 857 3430 ra.
876 3393 959 3441 snpra
973 3378 997 3438 5.
1008 3388 1042 3428 aa.

88 3459 144 3510 Hoc
156 3458 403 3508 senatusconsultum
421 3455 554 3519 antiquius
566 3453 651 3517 fuisse
670 3453 722 3501 alio
743 3450 789 3500 sub
803 3449 943 3499 Hadriano
960 3448 1045 3512 facto„

90 3525 240 3612 cppar'eten
254 3540 275 3587 s,
291 3539 337 3578 ma.
352 3538 399 3578 raa.
451 3523 477 3594 ξ.
492 3526 535 3578 68.
557 3524 596 3588 Cf.
616 3523 671 3586 Uip.
687 3534 707 3582 a,
721 3534 742 3571 4.
