2496 3984
536 236 623 272 anve.
733 199 736 204 ¹
997 283 1000 290 ,
1022 217 1063 282 19

100 358 195 427 primo
215 357 415 410 commentario
433 373 545 424 reeens,
568 358 615 412 vel
632 357 682 426 qui
700 357 821 414 eundem
839 359 915 412 certe
933 357 1063 412 manibus

99 425 223 488 teneret,
242 425 307 478 ante
326 424 421 478 oeulos
439 425 466 478 ei
483 428 649 482 versaretur.

100 578 114 613 s
138 492 228 614 ulli
244 491 835 629 viii*illiqudattflqlttittttettffi
856 507 1063 614 titillata

127 627 253 681 hemidoe
280 626 457 680 sacerdotum
484 645 585 682 munus
611 628 662 682 ade
684 629 741 681 tus'
756 630 798 681 est
825 628 866 688 et,
894 627 961 680 dum
984 628 1064 681 stetit

100 693 252 762 imperium
269 693 435 771 Romanum,
455 696 580 749 retinuit.
616 645 700 748 Mafa
722 695 840 748 maximi
862 694 984 748 nominis
1003 695 1061 748 lot·

100 777 278 829 quorumque
301 761 469 829 quibusdam
492 762 590 828 Gaius,
620 763 644 816 si
661 761 751 830 ipsam
775 762 921 816 seientiam
944 765 1062 831 speotes,

99 829 148 882 vix
167 831 324 897 comparari
345 831 451 897 potest,
476 847 540 886 eum
563 831 661 899 aperte
685 830 790 884 imitati
811 830 857 882 vel
880 831 955 884 tecte
974 829 1009 882 ab
1020 819 1062 884 'eo

97 896 224 952 mutuati
242 897 314 952 sunt.
351 898 535 952 Grammatioi
552 913 664 966 quoque
684 913 718 952 ex
735 897 789 951 hoe
827 897 958 964 raecipue
980 897 1062 962 libro,

97 981 172 1032 quae
192 965 228 1017 ad
245 964 289 1016 ius
306 963 389 1017 civile
428 965 591 1030 ertinerent,
608 966 760 1034 petierunt.
821 966 905 1018 uente
923 981 991 1019 vero
1010 965 1062 1017 im-

96 1032 179 1099 perio
206 1034 265 1084 tam
293 982 480 1085 occidentales
508 1032 650 1102 Visigothi
675 1032 705 1084 in
731 1031 872 1086 breviario
900 1031 1061 1086 Alarioiano

97 1098 215 1164 Gaium,
243 1101 275 1151 ut
299 1097 373 1152 ferre
400 1115 464 1152 eum
486 1101 631 1169 poterant,
658 1115 753 1152 rursus
775 1099 876 1153 scholis
899 1100 955 1152 suis
980 1115 1061 1168 prae·

95 1166 241 1232 fecerunt,
269 1181 356 1233 quam
378 1165 412 1218 in'
432 1165 539 1223 oriente
562 1167 745 1231 lastinianus,
774 1167 839 1220 dum
865 1183 953 1220 novas
979 1168 1063 1236 parat

96 1233 306 1298 iustitutionem
329 1235 451 1288 maxime
476 1234 598 1288 Gaianas
624 1251 687 1288 oum
709 1235 794 1288 rebus
836 1234 1002 1299 uoddianis,
1027 1251 1061 1287 ex

98 1301 203 1368 quibus
226 1301 331 1369 etipse
354 1302 397 1354 ius
415 1302 567 1366 didicerat,
591 1303 753 1366 sumserit,
776 1252 850 1354 unde
875 1317 939 1354 eum
959 1299 1061 1354 Gaium

99 1370 248 1422 ‘nostrum’
274 1369 417 1437 appellare
440 1372 575 1438 (prooem.
599 1370 618 1426 Ι.
638 1375 660 1434 ἓ.
678 1375 702 1422 6.
721 1369 744 1428 ἕ.
762 1377 786 1425 5.
805 1368 826 1421 I.
850 1368 885 1421 de
904 1368 982 1437 publ.
1001 1368 1059 1426 iud.

96 1443 124 1498 4,
145 1441 185 1489 18.
203 1437 289 1490 const.
313 1435 431 1490 Omnem
456 1438 525 1504 reip.
544 1443 567 1502 §-
588 1441 628 1504 1,).
643 1453 710 1490 eane
732 1436 835 1488 mirum
858 1452 915 1489 non
932 1436 982 1490 est.
1017 1435 1063 1489 lta

97 1518 166 1556 vero
185 1501 280 1568 Gaius,
298 1504 354 1557 alio
371 1503 441 1558 lieet
457 1505 508 1557 sub
522 1504 635 1558 nomine
649 1505 678 1558 et
689 1502 874 1557 multifariam
887 1502 1061 1558 deformatus

95 1570 185 1626 totius
203 1571 313 1639 generis
330 1571 445 1626 humaui
463 1572 599 1650 magister
615 1572 645 1624 in
657 1571 718 1625 iure
732 1571 810 1624 civili
822 1570 912 1624 fantus
924 1573 967 1624 est
1005 1571 1060 1625 Sed

97 1638 172 1691 sieut
193 1655 321 1706 gemmae
344 1639 488 1708 ingenitus
509 1639 583 1707 ignis
604 1655 656 1693 neo
681 1639 809 1706 extingui
835 1638 920 1706 longo
945 1635 1000 1691 situ
1027 1654 1061 1692 ao
1096 1686 1098 1691 ,

96 1704 215 1773 pulvere
233 1721 285 1758 neo
302 1710 440 1784 perpetuo
459 1723 476 1760 a
493 1707 615 1776 cognata
632 1707 694 1760 luce
713 1705 875 1774 praepediri
893 1707 1000 1774 potest,
1019 1707 1061 1758 iia

98 1773 197 1826 nostra
214 1773 306 1826 aetate
326 1775 411 1828 etiam
430 1777 568 1844 genuinae
588 1771 654 1828 Gaii
671 1773 865 1826 Institutiones
878 1788 893 1824 e
906 1773 1059 1824 multorum

98 1839 1059 1895 saeculorumoblivioneresuscitataedenuoefficacissimumuerioris

96 1907 184 1960 studii
195 1923 226 1964 ao
236 1908 383 1976 penitioris
394 1909 462 1962 iuris
473 1909 563 1962 civilis
575 1924 606 1962 oo
647 1906 743 1962 itionis
753 1907 923 1960 fermentum
934 1922 1059 1962 evasere.

166 1973 229 2028 Gaii
252 1975 446 2030 institutiones
468 1977 550 2030 unioo
573 1926 668 2030 ceddae
693 1973 848 2028 Veronensi
874 1975 1060 2044 palimpsesto

95 2043 223 2096 servatas
245 2058 318 2107 esse,
346 2043 484 2098 Niebuhri
506 2045 541 2097 ab
565 2042 715 2098 Hauboldo
742 2043 881 2096 admoniti
907 2044 1008 2096 merito
1033 2059 1057 2096 a.

93 2108 294 2164 MDCOCXVI.
313 2111 429 2165 invento
448 2113 477 2164 et
495 2128 512 2166 a
530 2109 703 2176 Goescheno,
722 2112 865 2178 assumpto
884 2111 959 2163 socio
979 2109 1057 2163 Holl·

93 2177 213 2298 lists
228 2177 934 2300 ”tuinittiqutnttuil”ttamutattsttutttt2
955 2177 1059 2298 rell

94 2312 105 2364 i
127 2328 157 2365 se
182 2263 341 2366 Nssbu’hrus
365 2264 516 2381 etglpostea
538 2314 594 2367 Uir.
613 2313 740 2381 Koppius
759 2313 902 2378 (Zeitsohr.
925 2312 944 2369 f.
963 2312 1056 2392 gesoh.

120 2378 167 2432 W.
185 2379 234 2432 IV.
252 2381 338 2446 473),
361 2396 416 2434 non
435 2382 525 2434 videri
548 2397 613 2434 eum
634 2381 700 2449 post
717 2379 904 2432 lastinianum
922 2381 1056 2447 seriptum

94 2463 165 2508 esse,
183 2446 394 2512 iudicaverunt3
418 2449 493 2567 ‹iuod
511 2451 544 2501 ut
561 2449 701 2500 rationem
719 2447 818 2523 habet,
835 2448 878 2499 ita
894 2448 991 2524 tamen
1009 2447 1057 2500 ad-

93 2513 219 2568 dendum
238 2516 288 2576 est,
305 2531 358 2568 neo
375 2531 424 2567 mu
436 2517 465 2568 to
484 2518 549 2568 ante
569 2515 703 2583 seriptum
722 2514 823 2576 uidem
841 2513 871 2565 id
891 2529 965 2565 enim
983 2515 1056 2582 glos·

94 2597 173 2637 sema
191 2581 297 2634 evincit
314 2581 405 2635 adhue
423 2598 480 2636 non
498 2583 704 2648 observatum,¹
728 2581 804 2647 quod
822 2579 937 2647 irrepsit
954 2587 978 2643 2,
999 2586 1056 2633 195.

93 2648 231 2718 ‘legatum
256 2647 310 2702 sibi
330 2665 389 2703 esse
408 2650 577 2710 dimissum’;
600 2665 667 2701 nam
686 2647 814 2700 ‘dimitti’
858 2663 888 2700 ro
912 2645 1053 2715 ‘relinqui’

91 2716 220 2785 legatum
237 2718 284 2770 vel
302 2717 423 2786 ‘legari’,
448 2718 523 2784 quod
547 2718 581 2770 ut
597 2714 739 2769 Aleander
762 2715 791 2768 et
809 2713 844 2768 So
865 2713 1001 2784 altingius
1019 2715 1055 2768 ad

93 2783 155 2840 Gai.
176 2783 245 2851 epit.
262 2790 290 2848 2,
310 2790 334 2838 7.
358 2793 381 2848 5.
399 2790 424 2838 8.
448 2785 478 2838 et
496 2791 524 2850 1,
549 2791 571 2836 1.
591 2789 614 2848 ξ,
632 2789 657 2836 4.
673 2782 827 2848 notarunt,
855 2781 884 2836 in
913 2781 1055 2838 breviario

91 2849 253 2905 Alarioiano
266 2852 429 2971 saepissime
441 2853 555 2921 legitur,
574 2853 639 2906 ante
652 2850 737 2904 finem
755 2849 862 2904 saeculi
879 2850 979 2918 quinti,
998 2865 1054 2918 quo

91 2921 202 2972 tantam
220 2921 300 2972 vetus
342 2919 456 2974 atinitas
480 2919 590 2972 ruinam
612 2935 696 2987 passa
718 2920 773 2980 est,
797 2919 845 2971 vix
867 2918 909 2972 ita
925 2919 955 2970 in
973 2936 1054 2972 usum

92 2986 215 3051 venerit,
238 2987 271 3038 nt
287 3003 338 3054 pro
356 2987 526 3056 glossemate
545 2987 727 3047 scriberetur;
753 2985 803 3039 illo
827 3001 894 3040 vero
917 2985 979 3040 loeo
997 2987 1053 3040 iam

37 3057 122 3116 [euin
146 3069 179 3106 eo
202 3053 298 3106 codiee
320 3055 404 3107 fuisse
427 3053 551 3119 uidetur,
575 3053 649 3107 unde
671 3055 766 3108 noster
789 3054 973 3120 transcriptus
1001 3058 1052 3106 est.

166 3210 186 3278 ¹)
201 3213 267 3262 Nulla
279 3221 360 3264 eontra
371 3215 462 3264 ratione
472 3213 630 3275 Boeekingius
641 3214 669 3262 ad
685 3226 706 3276 a,
722 3225 768 3266 rae.
779 3221 864 3266 notans
876 3209 942 3280 [edd.
953 3225 973 3263 a.
985 3219 1008 3260 el
1016 3210 1051 3278 a]

92 3284 209 3345 glossema
225 3285 258 3334 ibi
274 3285 451 3348 deprehendere
467 3285 513 3334 sibi
528 3285 593 3334 risus
608 3291 658 3346 est,
678 3293 790 3349 respectu
805 3286 831 3334 L.
848 3297 881 3336 20.
898 3282 923 3332 C.
939 3284 968 3332 de
983 3283 1052 3333 furtis

92 3354 122 3419 (6,
137 3352 159 3420 a)
180 3342 321 3420 conlectum.
356 3353 492 3406 ‘Probatnm
512 3353 559 3404 est’
580 3371 610 3404 ne
629 3363 709 3419 potest
722 3357 820 3420 quidem
839 3355 902 3405 aliud
917 3354 1052 3414 significare

92 3432 161 3488 alque
177 3427 239 3488 quod
254 3434 310 3489 post
324 3427 412 3476 dicitur
423 3423 581 3491 eresponsum
602 3434 626 3474 et
640 3423 790 3476 iudicatum’.
815 3426 873 3474 Aliis
888 3439 945 3474 sane
960 3425 1052 3484 glosse-

91 3497 160 3546 matis
180 3497 322 3546 Veronensis
341 3499 414 3547 codex
430 3498 576 3548 deformatus
595 3505 644 3559 est,
659 3499 701 3546 sed
716 3499 811 3558 talibus,
827 3510 887 3559 quae
902 3495 932 3544 ad
946 3501 1049 3558 tempus,

91 3583 137 3631 quo
152 3569 256 3631 scriptus
272 3569 311 3630 sit,
327 3568 485 3618 definiendum
501 3581 548 3618 non
563 3569 660 3618 iaciunt.

799 3655 837 3704 ᾖ*
