2496 3984
211 191 255 254 30
524 203 581 243 otu
600 207 694 244 rusum.
713 190 734 242 Ι.
754 197 868 244 20-22.

211 339 360 409 alumnum,
377 348 423 395 eut
445 331 665 413 poedagogum‚¹
681 346 728 394 eut
740 355 852 394 seruum
864 340 1054 412 procuratoris
1067 339 1185 398 habendi

211 426 312 498 gratie,
335 431 382 479 aut
398 423 521 480 ancillam
537 423 701 480 matrimonii
722 438 805 479 cause
826 425 901 496 opud
920 422 1067 480 consilium
1090 441 1185 482 manu·

210 509 309 566 mittut.

273 592 327 649 Vll.
372 597 405 646 De
429 597 531 646 oonsilio
557 597 701 647 annitendo.
751 589 804 652 20.
839 591 985 647 Consilium
1013 600 1109 648 autem
1138 594 1182 650 ud·

210 675 321 732 hibetur
335 678 361 732 in
378 675 446 732 urbe
466 675 549 731 Roma
570 675 678 749 quidem
694 675 815 748 quinque
837 685 992 731 senatorum
1008 685 1037 731 et
1054 679 1182 751 quinque

202 762 332 835 equitum
354 759 536 816 Romanorum
557 759 706 833 puberum:
731 761 758 816 in
784 761 933 832 prouinciis
959 769 1051 815 nutem
1079 762 1182 834 uiginti

209 853 431 918 recuperatorum
453 845 551 900 ciuium
568 845 760 900 Romanorum.
789 843 872 916 idque
892 842 922 900 m
938 843 1033 900 ultimo
1050 843 1097 902 die
1114 863 1180 902 eon-

210 938 326 994 uentus;
341 927 389 983 sed
405 927 504 984 Romae
518 921 634 1002 (serni)2
643 929 725 984 certis
737 927 832 990 diebus
841 927 911 1000 apud
923 927 1068 986 eonsilium
1080 946 1181 986 mouu-

208 1013 364 1072 mittuntur.
395 1011 509 1068 Maiores
524 1029 591 1068 uero
605 1013 716 1086 triginta
727 1027 858 1067 annorum
874 1013 947 1068 serui
957 1028 1068 1085 semper
1082 1029 1180 1070 munu-

208 1098 279 1152 mitti
295 1095 399 1165 solent,
423 1096 489 1152 odeo
513 1103 544 1151 ut
567 1095 611 1152 uel
633 1097 659 1152 in
684 1097 800 1152 transitu
823 1096 1064 1171 manumittuntur,
1090 1099 1179 1154 ueluti

208 1198 268 1237 eum
284 1188 395 1254 praetor
410 1188 457 1236 eut
472 1197 521 1253 pro
537 1179 651 1236 consule
673 1181 699 1236 in
715 1179 839 1236 balneum
862 1181 906 1236 uel
922 1182 950 1236 iu
965 1177 1107 1238 tbeatrum
1127 1193 1179 1240 eor.

207 1263 253 1324 21.
276 1264 418 1320 Praeterea
440 1265 530 1320 minor
552 1265 665 1338 triginta
685 1279 817 1320 annorum
841 1280 938 1322 seruus
961 1261 1223 1324 'manumissus³r1m

207 1356 301 1424 potest
316 1349 383 1404 ciuis
395 1347 531 1406 Romanus
548 1347 615 1420 sieri,
632 1350 655 1403 si
671 1347 703 1404 nb
719 1347 889 1420 eonomine,
905 1350 952 1422 qui
966 1348 1105 1408 soluendo
1123 1369 1178 1408 non

207 1443 280 1502 eret,
303 1442 466 1489 testamento
486 1450 547 1490 eum
567 1432 681 1490 liberum
705 1439 732 1488 et
747 1432 873 1488 heredem
894 1428 1045 1490 relietum⁴
1062 1453 1077 1491 r
1093 1453 1114 1493 s
1129 1455 1178 1493 s*
1223 1441 1224 1452 ¹

135 1525 161 1574 5.
173 1529 196 1577 6.
210 1511 326 1594 1-
337 1537 373 1570 vv.
384 1534 410 1572 ur
420 1537 482 1572 nono
492 1523 539 1584 legi
550 1537 598 1571 non
607 1528 709 1584 possunt
717 1549 819 1556 ---
829 1511 854 1594 (5
868 1511 937 1594 [22]
951 1518 1077 1576 homines
1085 1518 1177 1576 Larini

206 1633 420 1644 —........—.

282 1683 301 1753 ¹)
311 1687 493 1752 poedoqoqnm
507 1687 623 1751 intelliqe
633 1685 774 1742 liberorum
786 1687 982 1736 manumissoris
996 1684 1039 1752 (L.
1051 1699 1087 1742 so.
1098 1689 1134 1738 D.
1145 1691 1176 1738 de

203 1759 290 1821 fideie.
301 1757 344 1806 lib.
356 1770 391 1816 40,
399 1756 430 1824 t).
445 1757 524 1820 Infra
534 1759 557 1819 ἓ.
566 1768 600 1808 39.
611 1758 768 1822 inteltiqitur
778 1759 809 1817 is,
817 1758 862 1822 qui
868 1759 950 1820 ipsum
960 1761 1175 1809 manumissorem

206 1831 319 1878 instituit
330 1827 373 1894 (L.
385 1840 418 1880 18.
429 1829 461 1877 D.
472 1829 623 1878 demonum.
634 1829 704 1892 pind.
715 1840 750 1886 40,
765 1827 797 1894 2).
828 1827 901 1876 Nibit
915 1829 997 1894 iqitur
1011 1831 1173 1879 mutandum.

208 1896 369 1965 ²)Omissnm
384 1899 415 1949 ob
433 1901 516 1948 simile
530 1900 638 1963 se'qu'e'ns
653 1899 747 1948 certi-s.
818 1895 902 1966 ³)n'nin
926 1899 951 1948 θ.
981 1901 1174 1950 manumissione

206 1970 264 2018 edd.
280 1967 400 2034 (praeter
410 1969 502 2036 stunt).
534 1969 621 2034 Neque
631 1985 691 2019 nero
702 1971 924 2021 manumissionem
938 1977 964 2019 et
977 1972 1045 2020 alios
1060 1972 1097 2020 od
1108 1974 1172 2020 cini·
1225 1998 1226 2038 p

206 2048 282 2089 tutem
292 2041 465 2104 perveniendi
478 2041 566 2090 modos
583 2039 664 2090 Gaius
678 2049 819 2104 comparat.
846 2042 1004 2105 Cs.1‚15.ts.
1058 2039 1081 2107 ⁴)
1096 2042 1173 2092 Haeo

205 2127 222 2159 a
237 2126 274 2160 me
289 2127 345 2161 eum
359 2111 466 2160 Loebm.
482 2119 506 2160 et
520 2110 615 2161 Boeclr.
630 2126 665 2160 em
684 2111 715 2160 V.
730 2119 831 2161 retenta
842 2115 931 2175 firmat
944 2114 1021 2162 etium
1040 2113 1068 2162 V
1069 2109 1097 2161 ⁸².
1115 2117 1171 2178 qui·

206 2181 252 2230 bus
266 2198 315 2232 em·
332 2197 386 2232 meo
406 2197 475 2232 more
494 2184 543 2231 uim
562 2183 679 2232 intulisse
698 2183 776 2233 dicor
791 2199 807 2232 o
828 2183 946 2234 Goudsm.
967 2198 1018 2233 non
1038 2185 1169 2250 intelteqo.

206 2254 261 2316 ipse
275 2255 348 2304 nulla
363 2267 451 2302 eorum
466 2269 531 2318 quoe
544 2255 618 2318 sequi
627 2260 752 2316 poterant
765 2255 868 2304 ratione
882 2253 971 2304 babitu
986 2255 1100 2304 intrudit
1115 2271 1170 2304 oum

205 2323 266 2372 liber
284 2331 334 2372 tum
353 2332 377 2372 et
395 2325 466 2372 heres
485 2324 582 2372 relictus
598 2325 629 2372 sit
649 2326 726 2373 etium
739 2339 790 2387 per
804 2340 831 2374 se
853 2340 904 2374 non
921 2325 1042 2387 ferendo.
1096 2323 1118 2392 ⁶)
1138 2325 1169 2374 In

205 2395 245 2443 ed.
260 2406 280 2445 s.
295 2395 331 2444 ud
345 2395 533 2458 perficiendam
552 2395 630 2443 buius
649 2397 672 2456 ξ.
687 2407 720 2446 21.
740 2397 891 2444 sententiam
910 2397 937 2444 in
957 2398 1013 2459 ipso
1034 2404 1169 2458 contextu,

203 2465 307 2514 schedis
320 2465 484 2515 Blubmionis
497 2467 583 2524 nisus,
602 2479 637 2514 eu·
650 2467 710 2527 §.¹2
725 2465 747 2514 Ι.
763 2466 830 2531 quib.
849 2479 958 2515 monum.
974 2466 1005 2531 (1,
1021 2465 1044 2532 6)
1063 2469 1170 2516 collatis

204 2537 228 2598 ξ.
244 2548 263 2586 1.
278 2536 301 2586 Ι.
317 2539 361 2601 qui
375 2544 430 2587 test.
446 2544 491 2586 tut.
509 2536 586 2603 (1,14)
601 2536 633 2586 L.
645 2547 665 2588 5.
680 2537 705 2586 0.
721 2537 753 2586 de
767 2545 823 2588 test.
838 2544 884 2586 tut.
900 2535 931 2602 (5,
941 2536 978 2603 sp)
994 2538 1168 2600 baeosorma·

204 2623 305 2658 oerum:
331 2605 452 2658 ‘relictum
473 2623 562 2658 seruus
583 2609 713 2660 siimiliter
734 2623 791 2658 eum
814 2607 932 2657 libertate
955 2609 1031 2658 bores
1052 2610 1168 2672 scriptus

205 2684 349 2728 testamento
364 2694 415 2728 non
426 2680 583 2742 praecedat,
603 2686 628 2727 et
641 2693 712 2728 nemo
728 2681 797 2728 alius
814 2683 817 2738 Ι
833 2694 868 2728 ere
882 2694 911 2728 eo
927 2686 1076 2730 testamento
1091 2681 1166 2730 beree

203 2749 245 2796 sit.
276 2749 351 2812 idque
365 2750 453 2798 eodem
468 2751 523 2815 leqe
538 2748 615 2798 Aetia
629 2748 720 2797 Sentio
735 2755 837 2798 cautum
851 2757 896 2799 est.
914 2753 918 2808 1
935 2749 1001 2799 idem
1017 2751 1115 2812 fauore
1135 2753 1165 2798 u-

204 2818 313 2868 bertatis
327 2820 359 2868 de
373 2835 403 2868 eo
417 2834 493 2869 seruo
510 2820 632 2870 Proculus
647 2821 790 2878 existimet,
808 2825 811 2878 Ι
829 2823 942 2885 quisine
957 2821 1076 2870 libertate
1091 2822 1167 2870 bores

203 2890 318 2952 scriptus
338 2887 393 2938 sit’.
420 2917 451 2925 —
475 2888 528 2939 Sed
548 2892 624 2939 etium
643 2892 886 2954 reliquampartem
905 2894 1035 2957 popinae,
1056 2907 1092 2940 ex
1115 2908 1166 2956 quo

206 2959 297 3009 Griseb.
313 2971 332 3010 2.
355 2976 461 3024 eamque
473 2969 577 3011 secutae
591 2963 649 3011 edd.
665 2963 785 3026 sinqulns
800 2969 896 3011 tantum
911 2979 986 3012 noces
1004 2961 1110 3028 (spurios
1132 2990 1165 2998 -

203 3067 416 3076 ——.-—-—.

274 3118 298 3189 ξ.
311 3125 352 3172 20.
371 3121 408 3185 Cf.
424 3121 478 3186 unp.
495 3135 515 3184 1,
531 3135 587 3174 1311.
603 3125 625 3184 ξ.
641 3135 662 3172 s.
677 3122 700 3170 I.
716 3123 747 3171 de
763 3121 846 3172 libert.
863 3121 894 3188 (1,
904 3122 935 3188 o).
947 3123 1090 3186 ‘Theopbib
1106 3137 1127 3182 1,
1143 3136 1163 3175 5.

203 3195 242 3254 ἐξ.
258 3205 278 3243 s.
293 3206 314 3244 4.
330 3207 350 3252 1,
365 3206 385 3245 o.
405 3195 427 3255 ἓ.
443 3206 464 3244 r.
483 3193 515 3242 L.
532 3206 557 3245 ιε
567 3210 610 3257 pr.
627 3193 658 3242 Ι).
681 3194 713 3242 de
732 3209 840 3242 monum.
860 3196 929 3243 vind.
945 3194 990 3260 (ιο,
1004 3195 1035 3260 e).
1051 3195 1082 3243 L.
1099 3208 1119 3245 1.
1137 3196 1163 3244 C.

201 3265 257 3314 eod.
272 3262 304 3330 (r,
315 3264 346 3331 1).
365 3263 425 3314 Lex
437 3265 508 3314 Han.
523 3264 641 3328 Sotpens.
657 3275 691 3315 us.
706 3263 739 3312 L.
755 3276 822 3326 opr.
842 3265 886 3314 Tb.
904 3266 929 3314 0.
940 3267 972 3315 de
982 3273 1059 3316 tutor.
1070 3273 1095 3314 et
1104 3282 1161 3316 eur.

202 3333 233 3399 (3,
249 3335 292 3402 17).
318 3337 400 3386 ultimo
420 3337 458 3386 die
475 3332 555 3402 sonu]
577 3337 621 3399 qui
640 3351 696 3385 eum
714 3342 767 3386 toto
786 3343 910 3385 conventu
932 3337 1090 3388 edicebatur.
1122 3337 1162 3400 Cf.

200 3405 270 3456 Suet.
288 3407 361 3456 maro.
377 3419 409 3458 ιο.
426 3408 496 3456 Plnt.
514 3406 585 3456 Galo.
600 3417 621 3456 5.
672 3403 697 3473 ξ.
713 3408 756 3455 21.
783 3406 820 3468 Cf.
836 3409 860 3468 ξ.
875 3419 895 3456 1.
915 3407 937 3456 J.
957 3408 1024 3472 quib.
1039 3423 1074 3456 eu
1089 3423 1160 3458 eous.

201 3493 268 3526 man.
285 3475 316 3542 (1,
330 3477 366 3543 o):
382 3479 456 3540 infra
470 3490 491 3535 ε,
507 3488 553 3528 ror.
569 3489 615 3527 nm.
636 3476 691 3540 (ltp.
707 3489 728 3539 1,
743 3488 777 3526 ιι.
796 3477 839 3525 Fr.
855 3478 917 3528 Dos.
934 3491 968 3530 ro.
983 3479 1015 3528 L.
1030 3488 1063 3530 nr.
1080 3479 1111 3527 D.
1129 3479 1160 3527 de

202 3563 310 3596 monzon.
325 3557 380 3598 test.
397 3547 442 3612 (ιο,
457 3548 488 3613 e).
509 3548 541 3596 L.
557 3559 590 3598 m.
613 3548 645 3596 D.
660 3548 692 3596 de
706 3547 760 3596 ter.
777 3549 836 3596 inst.
852 3547 896 3613 (rs,
911 3549 957 3618 ε).Ι
