2496 3984
202 162 243 225 78
496 179 554 214 osu
572 179 667 215 msam.
687 160 722 214 ll.
743 166 870 214 usk-15.

201 314 336 376 lineatum
358 306 458 386 (nam)
479 310 640 381 albucius,
662 310 708 382 qui
730 325 761 364 cx
778 308 860 364 iuudo
876 310 1081 382 percipiuntur,
1100 326 1155 365 cor·

200 397 309 471 poralcs
326 404 403 466 suat,
418 404 446 451 ct
460 397 491 451 iai
504 395 578 468 quod
594 411 625 450 cs
641 393 731 466 aliqua
743 392 908 465 obligatione
920 395 1002 450 nobis
1014 393 1138 466 debetur,
1150 388 1154 472 Ι

147 495 189 544 57,
200 481 361 555 plerumque
376 482 526 554 corporale
541 486 594 544 est,
610 480 703 535 ueluti
715 477 827 547 landus,
842 477 935 542 homo,
951 479 1080 551 pecunia:
1101 495 1156 534 nam

148 568 288 640 scipsum
310 568 353 622 ius
376 565 557 620 successionis
579 571 607 618 ct
626 564 715 636 ipsum
736 563 780 618 ius
801 560 1005 618 utendilrusndi
1026 571 1054 618 et
1074 564 1157 636 ipsum

200 652 242 706 ius
268 650 443 723 obligationis
463 647 633 722 incorporale.
659 655 710 702 cst
753 645 848 702 eodem
874 661 989 702 numero
1016 655 1083 702 sunl
1102 649 1158 702 iura

200 735 371 808 praediorum
387 734 552 789 urbanorum
568 731 793 800 acumicorum,
814 745 890 803 quae
905 735 990 786 etiam
1006 735 1162 788 seruitutes

200 813 367 876 uocantur.¹
409 817 598 874 'urbanorum
607 855 616 888 ‚
633 818 713 872 uetat
728 815 808 870 altius
824 813 940 870 tollendi
953 818 1058 886 aedes,
1073 819 1140 872 licet
1155 827 1159 883 1

200 903 262 958 inde
277 901 424 958 luminibus
439 901 520 956 uicini
536 906 689 970 noceatur,
705 907 757 955 aut
772 915 826 954 non
842 897 1012 971 extollenldi,
1035 917 1070 955 nc
1084 900 1159 956 lumi·
1170 917 1195 963 [r
1207 924 1217 948 κ

200 986 279 1042 nibus
294 987 375 1041 uicini
390 983 541 1044 alliciatur:
558 985 643 1046 litam
660 982 799 1039 llumiuuro
822 991 850 1038 et
869 982 1071 1040 stillicidiorum
1091 983 1161 1040 idem

199 1063 377 1135 iusul²..l
562 1066 745 1126 vulo-14
841 1076 844 1082 ’
929 1071 1006 1134 Ι...

264 1151 324 1213 1⁴⁸.
347 1153 399 1209 lies
410 1160 572 1225 praeterea
594 1159 646 1208 aut
660 1156 788 1224 mancipi
801 1159 868 1208 sunt
884 1159 936 1208 aul
949 1169 1000 1208 occ
1016 1155 1141 1227 mancipi.
1157 1157 1161 1219 Ι

198 1231 258 1296 145.
281 1236 395 1312 llancipi
411 1248 475 1294 sunt
495 1240 588 1307 serui,
606 1237 702 1307 boues,
719 1238 794 1309 equi,
810 1239 888 1305 muli,
904 1239 982 1292 asiai
995 1238 1141 1310 cessandi,
1157 1241 1161 1304 Ι

199 1325 264 1378 ilem
286 1322 383 1393 aedes,
404 1325 432 1379 in
453 1321 546 1378 llalico
567 1316 649 1376 solat
670 1351 709 1360 -
731 1350 774 1362 -
794 1338 819 1374 v.
843 1321 891 1380 lt.
913 1325 970 1375 dim.
988 1329 1011 1386 ι·

199 1425 241 1463 vv.
263 1407 362 1465 18.19
378 1437 530 1446 --——
546 1448 553 1461 .
569 1447 596 1461 ..
615 1405 789 1478 praediorum
806 1404 971 1461 urbanorum
984 1422 1036 1462 occ
1048 1408 1162 1480 mancipi

199 1499 276 1548 suut.
294 1495 299 1556 Ι
315 1492 382 1547 item
398 1489 571 1564 stipendiaria
583 1488 692 1563 praedia
704 1498 732 1545 ct
743 1489 885 1544 tributaria
898 1505 949 1545 nec
960 1491 1078 1564 mancipi
1089 1500 1163 1546 sum.

199 1571 241 1632 16.
263 1574 315 1630 Sed
331 1573 404 1647 quod
424 1574 554 1645 diximus,
577 1575 678 1643 boues,
695 1589 798 1646 equos,
820 1577 911 1630 mulos
927 1580 955 1630 et
976 1577 1078 1632 asinos
1092 1583 1163 1636 rasl
1225 1577 1226 1602 ³

147 1667 189 1730 53,
201 1658 315 1732 mancipi
332 1675 404 1729 esso,
420 1675 486 1713 n-
505 1687 540 1696 -
558 1662 620 1724 —l
640 1689 678 1697 —
693 1687 733 1697 —
751 1676 775 1714 v.
794 1657 844 1714 24.
859 1687 902 1697 —
919 1689 956 1698 —
976 1651 1002 1734 μ
1025 1660 1117 1714 statim
1134 1668 1164 1714 ul

146 1751 162 1788 s.
173 1759 189 1789 ι.

274 1815 293 1885 ¹)
312 1818 344 1867 Ia
363 1835 400 1867 oo.
421 1829 503 1868 '1-24.
526 1817 604 1867 buius
619 1818 735 1883 paqa'aae
761 1817 853 1866 Gaium
867 1819 980 1882 primum
999 1819 1165 1881 esposuisse,

199 1905 264 1952 quaa
283 1897 367 1938 essent
386 1891 446 1938 iura
463 1903 507 1952 pr.
529 1889 585 1937 urb.
600 1896 626 1937 et
639 1895 714 1947 rust„
732 1888 876 1952 apparebat
894 1891 945 1937 iana
963 1903 998 1936 eac
1016 1887 1127 1952 Epits,
1144 1903 1163 1939 1.
1227 1919 1228 1934 s

199 1961 222 2021 §-
238 1972 273 2010 s:
290 1956 488 2022 ‘Incorporalia
501 1961 577 2008 etiam
599 1966 659 2008 sunt
677 1960 737 2008 iura
752 1960 923 2023 praediorum
941 1958 1102 2008 urbanorum
1122 1962 1165 2008 uel

199 2031 364 2079 rusticorum.
394 2029 568 2078 Praediorum
586 2029 744 2078 urbanorum
763 2032 824 2078 iura
838 2037 899 2079 sant
916 2031 1069 2089 stillicidia,
1087 2031 1164 2094 sene-

199 2107 279 2160 strae‚
296 2102 415 2158 cloacae,
434 2101 513 2148 altius
527 2101 667 2165 eriqendae
681 2101 771 2150 domus
785 2108 830 2149 aut
844 2116 895 2150 aaa
909 2101 1064 2166 eriqendae,
1084 2109 1109 2150 et
1124 2104 1164 2149 lu-

199 2172 305 2230 minum,
320 2172 399 2219 atita
420 2171 477 2234 qais
489 2169 617 2234 fabricet,
637 2178 665 2219 ut
685 2173 786 2221 uicinae
805 2172 892 2221 domui
908 2174 993 2226 luraen
1012 2186 1064 2220 aon
1079 2174 1164 2221 tollat.

201 2242 375 2291 Praediarum
395 2256 458 2290 aero
478 2243 635 2291 rusticorum
654 2244 715 2290 iura
733 2250 793 2291 sunt
811 2245 856 2291 uia
875 2245 917 2290 uel
935 2243 998 2301 iter,
1019 2258 1071 2306 per
1093 2244 1166 2307 quod

195 2328 277 2375 pecus
292 2320 338 2362 aut
351 2313 475 2364 ammalia
490 2311 598 2361 debeant
610 2313 741 2362 anabalare
756 2315 798 2362 ael
811 2314 847 2362 ad
856 2327 948 2377 aquam
957 2313 1028 2370 duci,
1043 2320 1068 2362 et
1077 2329 1165 2378 aquae

199 2383 306 2432 ductus:
325 2399 390 2446 quae
408 2384 528 2431 similiter
546 2385 727 2447 incorporalia
744 2391 811 2432 suat.
845 2383 919 2432 Haec
940 2385 1067 2432 iuratam
1081 2387 1164 2433 rusti-

199 2468 295 2511 corum,
311 2469 386 2517 quam
400 2453 557 2502 urbanorum
568 2455 739 2518 praediorum
752 2457 889 2504 servitutes
903 2452 1092 2518 appellantur’.

202 2519 222 2590 ¹)
238 2523 283 2572 Ea:
297 2523 324 2573 V
325 2521 353 2582 ⁸⁸,
369 2524 412 2573 ubi
425 2532 485 2574 suat
498 2541 536 2574 au.
551 2538 571 2576 s.
583 2538 602 2576 a.
613 2537 633 2576 8.
644 2537 673 2584 s,
689 2527 794 2588 repletis
808 2533 891 2574 tanuen
906 2541 922 2574 a
936 2539 974 2573 nse
987 2525 1037 2584 bis,
1051 2541 1164 2590 quorum

199 2594 278 2644 dubia
293 2597 332 2645 vel
353 2598 425 2645 nulla
444 2599 520 2646 lectio
536 2598 597 2659 fuit.
629 2597 666 2659 Cf.
682 2599 705 2658 §-
719 2609 753 2647 31.
782 2595 942 2660 Sequebatur
954 2596 1086 2659 fortasse:
1101 2598 1164 2655 'Silb

200 2668 238 2714 uti
252 2682 319 2716 nunc
332 2673 393 2716 sunt
403 2663 450 2734 [cf.
459 2667 491 2715 L.
507 2679 539 2717 17.
557 2670 579 2729 §-
588 2679 608 2717 s.
624 2667 656 2714 D.
672 2667 704 2715 de
717 2683 783 2716 sero.
794 2683 839 2730 pr.
854 2666 910 2715 urb.
926 2665 957 2731 (8,
967 2665 990 2732 2)
1001 2667 1032 2714 L.
1045 2679 1071 2717 st
1085 2667 1117 2715 D.
1130 2669 1164 2717 dc

199 2744 281 2786 contr.
297 2745 371 2800 empt.
386 2734 456 2805 18,1]
471 2745 496 2786 et
506 2746 647 2801 praeterea
662 2739 710 2786 alia
726 2735 816 2786 multa’
829 2736 874 2802 (cf.
884 2749 905 2795 s,
915 2735 973 2802 sss).
995 2737 1089 2802 Itaque
1100 2739 1163 2788 inde

199 2823 216 2854 a
230 2824 253 2855 a.
263 2819 289 2857 ιο
300 2809 345 2870 fin.
364 2823 444 2871 usque
454 2809 490 2857 ad
498 2825 520 2858 u.
532 2811 669 2859 sulpitium
682 2807 763 2857 Gaius
772 2811 825 2873 eqit
833 2810 865 2857 de
875 2807 976 2856 iuribus
987 2809 1162 2871 praediorum

199 2879 369 2937 rusticarum,
385 2879 428 2927 ubi
442 2895 507 2943 quae
522 2887 631 2944 praeter
649 2881 768 2944 sinqulas
783 2881 885 2928 litteras
905 2881 931 2927 iu
951 2878 978 2927 V
980 2875 1001 2910 ⁸²
1014 2895 1037 2928 v.
1054 2892 1080 2930 1³
1094 2881 1161 2928 nied.

199 2956 338 3011 supersunt
349 2958 379 3003 lu
392 2947 490 3015 u(cnim
500 2949 568 3016 uero)
580 2951 616 2998 ius
629 2948 725 3015 aq(uae)
734 2949 855 2999 ducendae
865 2949 1020 3014 sequebatur
1027 2951 1164 3014 fortasse:

201 3015 288 3068 ‘etiarn
304 3035 409 3070 numera
422 3021 593 3084 praediorum
607 3019 765 3069 urbanorum
786 3019 951 3086 ser(ui)tutum
966 3035 1020 3068 esse
1037 3019 1159 3083 potelrit'.

198 3090 245 3139 nes
260 3097 307 3139 etc.
361 3087 381 3158 υ)
397 3093 435 3154 ἐξ.
451 3087 514 3144 14⁸¹).
529 3107 564 3140 eac
578 3091 605 3140 V
609 3087 629 3122 Β*
644 3092 727 3154 effeci,
742 3093 867 3155 suppletis
877 3106 942 3155 quae
952 3093 1004 3156 leqa‘
1017 3107 1069 3140 noa
1080 3101 1160 3155 potu-

198 3168 283 3219 erunt,
297 3169 325 3210 ut
337 3177 428 3212 sensus
442 3171 467 3212 et
482 3164 593 3225 spatium
605 3161 774 3226 flaqitabant5
789 3169 843 3210 sunt
853 3169 914 3225 past
929 3163 1033 3225 mancipi
1043 3170 1160 3212 notatum

198 3247 253 3281 esse
263 3235 349 3295 posui.
379 3250 401 3282 u.
417 3245 450 3284 17.
467 3245 499 3283 18.
515 3245 548 3282 19.
563 3232 717 3295 sequebatur
729 3234 802 3297 sere:
819 3230 936 3297 ‘itemque
950 3234 1009 3290 iter,
1025 3241 1100 3282 actus
1115 3236 1158 3282 uin

198 3304 381 3367 alquaeductus
392 3304 564 3367 praediorum
579 3304 605 3350 in
619 3303 668 3352 boc
682 3305 753 3360 solo,·
767 3320 824 3352 uam
838 3305 863 3353 si
877 3319 941 3368 quac
956 3305 1025 3352 aliae
1039 3312 1100 3352 sunt
1110 3321 1158 3352 nu-

197 3389 267 3424 mera
281 3376 431 3424 servitutum
441 3374 612 3437 praediorum
626 3376 783 3424 rusticorum
797 3371 934 3432 etomlnes'
996 3371 1018 3440 ⁴)
1032 3372 1159 3438 Suppleri

193 3461 246 3508 pro
260 3447 341 3508 spatii
354 3439 429 3494 modo
438 3451 537 3507 potest:
553 3441 647 3492 ‘nostri
661 3447 760 3508 quidem
771 3453 969 3508 praeceptores,
988 3447 1073 3494 omnia
1092 3446 1161 3496 baec

197 3517 331 3573 animalia,
346 3531 411 3578 quae
426 3516 492 3563 collo
507 3515 618 3563 dorsoue
632 3512 791 3565 domantur’.
