2464 3978
157 192 202 256 88
290 157 293 165 Ι
463 209 521 248 san
538 211 631 247 manau.
650 193 684 246 II.
705 197 819 246 59—61.

157 350 261 416 potest.
297 336 348 398 59.
371 341 474 398 Adhuc
488 343 570 398 etiam
585 358 618 398 ex
637 341 694 398 aliis
717 343 803 397 causis
824 342 913 397 sciens
934 341 1052 414 quisquc
1067 358 1131 396 rem

157 425 271 484 alienam
288 427 426 499 usucapit:
449 442 511 482 uam
527 427 573 499 qui
588 441 646 482 rem
661 425 741 482 alicui
764 423 876 482 fiduciae
890 441 973 482 causa
983 427 1133 502 'mancipio

157 509 265 566 dederit
280 509 325 566 uel
340 511 367 565 in
383 511 442 565 iure
457 511 582 582 cesserit,
597 511 621 566 si
637 509 748 566 eundern
763 511 822 583 ipse
837 509 1008 583 possederit,
1031 517 1129 584 potest

156 610 319 668 usucapere,
336 609 407 650 anuo
422 593 536 665 scilicet,
553 589 667 673 (etiam)
679 594 732 650 soli
747 595 771 650 si
787 595 831 651 sit.
845 619 850 630 ·
862 609 931 667 quac
942 596 1049 668 species
1061 611 1128 650 usu

156 679 277 752 capionis
299 678 399 734 dieitur
414 680 605 751 usureceptio,
628 680 690 752 quia
705 678 748 751 id,
770 677 843 752 quod
864 677 1010 752 aliquando
1031 676 1199 734 habu-[1⁵⁹1

156 779 228 835 mass,
243 764 389 836 recipimus
405 765 672 836 per-usucapionem.
708 758 762 822 60.
786 761 839 818 Sed
854 779 916 818 cum
936 760 1034 818 fiducia
1049 762 1127 820 ’cora-

156 843 300 904 natatur*
325 854 372 902 aut
393 863 455 904 eum
476 846 611 903 creditore
631 848 754 920 pignoris
775 847 851 917 iure,
874 855 921 922 aut
944 864 1006 904 cum
1026 849 1125 926 auaieo,

118 981 119 984 ,
156 925 233 1004 quo²
247 932 335 987 tutius
350 939 465 991 nostrae
480 947 525 986 res
541 933 615 1005 apud
628 947 689 986 cum
706 935 778 1002 siut,
794 932 817 986 si
834 929 942 1004 quidem
958 947 1021 987 oum
1036 932 1125 986 amico

156 1023 296 1072 contracta
310 1016 347 1071 sit
362 1013 475 1086 fiducia,
491 1031 556 1070 sanc
577 1015 732 1072 omnimodo
748 1015 872 1088 conpetit
886 1007 1126 1088 ’usmreceptio;³

76 1133 81 1154 .
155 1100 179 1154 si
194 1085 261 1154 adro
277 1115 338 1154 cum
354 1098 501 1170 creditore,
517 1099 608 1154 soluta
623 1099 732 1172 quidem
752 1100 866 1172 pecunia
882 1100 1041 1156 omnimodo
1058 1116 1124 1156 sou·

155 1184 236 1256 petit,
252 1182 374 1239 nondum
389 1199 456 1240 uero
470 1183 563 1240 soluta
578 1185 616 1240 ita
631 1184 738 1240 demum
754 1183 894 1257 competit,
911 1185 935 1240 si
950 1201 1042 1258 neque
1055 1199 1123 1240 coa·

156 1265 264 1324 duxerit
278 1283 336 1324 eam
348 1283 406 1323 rem
420 1285 435 1322 a
449 1267 586 1324 creditore
601 1267 719 1340 debitor,
735 1283 824 1342 neque
835 1269 958 1340 precario
971 1269 1126 1342 rogauerit,

155 1361 187 1408 ut
202 1368 259 1408 eam
275 1369 332 1408 rem
348 1351 489 1425 possidere
504 1351 613 1414 liceret:
636 1369 691 1426 quo
712 1368 777 1408 casu
798 1351 928 1408 lucretiae
943 1344 1125 1426 ’usustupio⁴

157 1438 290 1510 conpetit.
323 1431 370 1492 tt.
394 1435 461 1492 item
475 1437 501 1491 si
515 1452 572 1492 rem
589 1435 735 1510 obligatam
752 1435 802 1492 sibi
818 1435 938 1510 populus
953 1435 1123 1506 condiderit,

156 1535 268 1593 eamque
283 1521 408 1576 dominus
423 1519 585 1592 possiderit,
605 1537 735 1576 concessa
756 1529 798 1576 est
813 1512 1050 1594 ’ususreceptioz3
1070 1521 1122 1576 sed

155 1603 207 1660 hoc
227 1620 292 1662 casu
312 1603 452 1678 praedium
480 1605 589 1660 biennio
611 1605 809 1678 usureoipitur:
836 1614 864 1660 et
884 1605 938 1662 hoo
958 1613 1017 1676 est,
1044 1605 1122 1678 quod

90 1739 95 1746 .
155 1688 240 1762 uolgo
266 1688 380 1758 dicitur,
403 1705 434 1744 ex
460 1689 631 1762 praedicturi
655 1690 859 1762 possessionem
881 1689 1034 1763 uaureoipi:
1057 1705 1123 1745 unm

156 1774 202 1846 qui
217 1781 353 1830 mercatur
368 1789 382 1828 a
397 1773 511 1847 populo,
527 1773 681 1847 praedictor
694 1773 860 1847 appellatur,

221 1850 289 1921 ⁶[ii.
310 1857 432 1906 tii—64.
450 1848 525 1904 infru
543 1867 593 1904 suo
612 1849 676 1905 loco
695 1866 797 1918 quaere
816 1853 884 1920 poet
901 1855 925 1916 §-
946 1851 1000 1920 itt]

229 2009 249 2078 ¹)
264 2013 411 2062 contrahitur
427 2013 452 2062 0.
467 2013 507 2068 ed.
521 2012 569 2078 Bq.
627 2009 647 2080 ἵ)
663 2013 718 2062 Iam
733 2015 760 2062 in
774 2015 832 2076 ipsa
847 2015 964 2064 oratione
974 2015 1056 2076 posui
1070 2029 1120 2078 quo

149 2097 203 2147 pro
217 2083 281 2146 quod
293 2083 318 2132 0.
338 2090 364 2132 et
372 2090 465 2146 postea
479 2084 527 2132 sint
536 2098 589 2147 pro
605 2091 686 2132 essent
698 2085 731 2142 0,·
745 2101 804 2134 nara
818 2086 918 2149 alioqui
930 2087 1022 2134 sensus
1036 2093 1120 2134 esset:

154 2153 225 2252 quod
233 2153 396 2218 putabamus,
407 2155 487 2204 tutius
497 2161 600 2204 nostras
609 2170 653 2204 res
662 2156 734 2219 apud
742 2171 798 2204 eum
806 2155 882 2219 fore:
896 2157 1022 2205 nonsatis
1032 2163 1118 2218 aptus.

167 2223 177 2292 )
191 2222 237 2276 Sic
254 2225 279 2275 0.
294 2225 446 2288 usureccptio
461 2226 519 2275 edd.
535 2237 555 2276 1.
570 2237 590 2274 2.
642 2223 664 2293 ⁴)
678 2223 724 2275 Sic
740 2225 766 2275 Ο.
782 2227 896 2289 usucapio
911 2226 969 2274 edd.
986 2239 1006 2275 1.
1022 2237 1042 2285 a,

156 2291 177 2362 ὓ)
192 2295 272 2347 Recte
289 2295 474 2348 Heimbncbius
491 2298 594 2356 statuit,
614 2297 665 2347 buc
681 2299 816 2360 pertinere
834 2299 873 2358 §5-
887 2307 983 2348 tit-ts.
1008 2296 1120 2346 Scilicet

116 2410 124 2414 .
149 2381 202 2430 per
211 2369 438 2431 transpositionem
448 2370 525 2417 unius
532 2368 595 2431 folii
604 2369 643 2430 ἐξ.
653 2379 749 2420 ott—tt.
765 2369 919 2418 continentis
929 2369 956 2416 in
967 2369 1118 2432 antiquiore

155 2438 253 2505 codice,
267 2454 303 2488 eoe
312 2453 361 2502 quo
377 2437 535 2488 Veronensis
543 2439 622 2497 duxit
631 2436 706 2504 (folii
717 2446 784 2502 puta
798 2454 849 2489 non
859 2440 942 2488 iustae
951 2439 1064 2502 foratae,
1074 2439 1123 2488 sed

126 2545 128 2550 -
153 2509 279 2568 minutae,
298 2511 392 2574 quippe
406 2510 434 2558 in
449 2525 498 2574 qao
513 2516 610 2558 tuntum
624 2525 690 2573 quae
704 2511 871 2568 exciderant,
886 2515 962 2558 erunt
979 2509 1120 2575 suppleta),

151 2580 316 2644 factumest,
332 2587 361 2628 ut
373 2596 441 2639 eunt,
457 2595 506 2644 quo
520 2582 547 2629 in
567 2580 662 2630 Veron.
678 2582 812 2645 lequntur,
831 2583 914 2630 locum
928 2595 991 2629 sane
1006 2582 1120 2644 ineptum

155 2650 307 2701 obtinerent.
330 2651 368 2715 Cf.
379 2653 418 2700 tit.
429 2650 452 2700 I.
462 2661 485 2709 2,·
494 2663 514 2702 s.
526 2653 579 2715 qui,
589 2658 618 2699 ut
627 2666 671 2700 res
677 2651 790 2716 fiaqitat,
805 2667 893 2701 rerum
902 2651 1121 2714 acquisitionibus

91 2755 96 2765 =
154 2723 231 2770 etiarn
245 2721 410 2771 naturalibus
424 2720 560 2779 absolutis,
576 2723 608 2770 de
621 2722 676 2780 bis,
692 2721 783 2786 quibus
797 2725 914 2771 alienare
929 2723 990 2771 iicet
1003 2724 1043 2770 vel
1058 2737 1119 2780 non,

154 2793 227 2840 nulla
241 2795 372 2841 alienare
387 2794 524 2841 interiecta
538 2794 601 2858 aqit.
626 2792 662 2841 Et
675 2799 703 2841 ut
716 2795 792 2858 louqe
802 2795 889 2856 aptius
903 2808 968 2856 quas
978 2794 1016 2854 ἐξ.
1028 2804 1056 2844 80
1065 2808 1119 2858 seq.

154 2865 269 2927 leqirnus,
284 2865 341 2924 §um
351 2875 385 2914 se.
401 2878 475 2927 quam
485 2865 542 2924 §um
552 2875 585 2914 ts.
599 2871 751 2928 sequuntur,
767 2865 804 2913 ita
816 2863 897 2912 Gaius
906 2867 981 2924 §osa
996 2879 1035 2922 co,
1046 2879 1119 2927 quern

154 2935 182 2982 in
199 2933 224 2983 0.
245 2933 341 2983 Veron.
356 2933 452 2983 obtinet
466 2935 557 2994 locunt,
572 2935 661 2984 dicere
680 2950 731 2984 non
741 2943 848 2998 poterat
861 2949 921 2998 quae
937 2934 1053 2992 diximus,
1072 2936 1120 2983 sed

154 3019 224 3055 more
238 3020 285 3055 suo
301 3019 361 3068 quae
376 3005 574 3068 supradiximus,
589 3006 677 3055 dicere
691 3021 747 3054 eum
761 3005 901 3068 oportebat.
912 3032 945 3041 -
960 3004 1052 3069 Itaque
1067 3007 1119 3054 iam

154 3077 193 3138 §i-
205 3081 304 3128 tta-624..
316 3089 363 3124 suo
378 3077 434 3125 loeo
449 3077 587 3124 restituere
597 3077 708 3138 placuit,
723 3077 819 3127 lectore
833 3084 916 3126 tamen
926 3075 1118 3124 admonitores

69 3135 79 3144 ¹
153 3149 258 3196 mutatis
267 3149 306 3210 ἕξ.
318 3148 447 3196 numeris:
462 3147 531 3210 quod
540 3148 622 3210 ipsum
631 3145 680 3212 Bq.
690 3161 782 3196 errore
792 3163 839 3198 suo
849 3148 961 3213 coquito,
968 3145 1035 3209 fecit
1045 3147 1084 3195 ed.
1095 3158 1117 3197 5.

225 3329 269 3401 βξ.
285 3335 327 3384 59.
343 3335 385 3384 60.
407 3333 445 3395 Cf.
460 3331 550 3380 Boetia.
567 3334 593 3380 in
612 3331 673 3394 Top.
688 3343 721 3382 10.
737 3347 766 3395 p.
781 3343 822 3384 340
835 3330 904 3380 Bait.
921 3330 1017 3380 Isidor.
1035 3328 1079 3379 Or,
1095 3342 1115 3394 t,

152 3413 187 3454 25.
207 3406 247 3466 ἐξ.
262 3413 296 3454 22.
312 3415 345 3454 to.
372 3403 423 3452 Cic.
439 3417 491 3465 pro
512 3402 609 3451 Flacco
628 3413 662 3452 21.
682 3404 704 3463 ξ.
720 3413 754 3453 51.
775 3403 851 3452 Paul.
867 3414 888 3456 2.
903 3414 937 3453 ts.
957 3415 1009 3450 cum
1025 3399 1115 3468 amico]

155 3474 193 3537 Cf.
215 3475 302 3523 Valcr.
319 3473 393 3522 Mau.
408 3487 431 3533 4,
445 3484 466 3522 2.
482 3475 504 3534 §-
521 3484 540 3523 τ.
618 3469 644 3540 ξ.
661 3477 703 3526 61.
729 3473 767 3536 Of.
783 3473 815 3524 L.
830 3486 850 3524 9.
866 3474 898 3523 D.
913 3473 945 3521 de
959 3487 1025 3522 rese.
1041 3473 1115 3522 uend.

212 3543 243 3610 a).
