2496 3984
385 207 443 244 een
461 208 553 243 mortu.
573 189 594 242 I.
616 195 763 256 loo—too.
1009 189 1050 254 67

79 341 238 410 retinetur,
254 338 302 394 soti
317 347 404 395 stetui
420 340 537 395 hominis
552 347 749 406 commutetur3
765 338 838 411 quod
851 339 948 396 oceidit
962 341 989 395 in
1000 340 1050 413 his,

80 427 135 498 qui
153 424 327 497 adoptentur,
342 425 406 479 item
421 425 449 480 in
465 424 517 495 his,
544 440 613 498 quae
628 425 826 496 coemptionem
844 423 945 479 iaciunt
952 462 961 497 ,
982 427 1052 481 etin

80 510 142 581 his,
159 511 211 582 qui
223 509 356 582 mancipio
372 508 472 564 dantur
487 510 588 582 quique
603 525 634 564 ex
648 508 846 581 mancipatione
859 510 1051 564 inenumittun·

83 604 151 663 tur;
167 592 238 648 odeo
260 592 383 666 quidem,
406 602 436 649 ut
457 594 585 666 quotiens
601 594 717 665 quisque
732 594 911 666 mancipetur,
929 585 1006 668 ²(out
1020 602 1051 650 ut
1124 631 1127 638 ·

83 671 324 750 remonet’petur)
347 686 395 733 ent
417 671 466 733 ut¹
494 678 713 747 manumittatur,
735 677 836 732 totiens
860 679 948 750 eapite
974 676 1051 734 dimi-

82 770 201 819 nuetur.
238 757 302 818 163.
323 760 377 817 Nee
391 761 480 818 solum
496 763 646 819 maioribus
658 754 813 838 (οαριίιέ)2
828 761 1052 817 diminutionibus

81 849 128 902 ius
145 847 325 920 augurationis
340 849 533 920 corrumpitur,
550 854 593 902 set
607 849 687 902 etiam
702 846 825 910 minime;
847 854 875 901 et
897 845 958 901 ideo
980 848 1004 901 si
1019 863 1051 902 en

81 931 200 988 duobus
214 929 307 987 liberis
322 931 436 986 alterum
459 939 536 1005 peter
550 931 759 1004 emancipeuerit
769 973 778 1002 ‚
789 937 858 1004 post
874 928 977 986 obitum
992 931 1050 986 eius

82 1025 189 1071 neuter
209 1015 287 1072 elteri
308 1017 460 1088 agnationis
480 1017 539 1072 iure
561 1023 637 1070 tutor
663 1031 723 1070 esse
743 1016 855 1088 poterit.
899 1009 961 1072 164.
985 1014 1051 1070 Cum

83 1108 180 1156 nutem
203 1099 235 1155 oti
251 1108 366 1173 agnatos
382 1099 466 1155 tutela
481 1101 630 1174 pertineat,
653 1115 708 1155 non
729 1098 810 1154 simul
825 1098 857 1154 od
873 1115 968 1170 omnes
990 1115 1051 1172 per-

8 1190 74 1238 [140]
87 1187 170 1255 tinet,
187 1193 231 1240 set
246 1183 279 1239 ad
294 1200 342 1240 eos
358 1192 470 1255 tontum,
488 1186 534 1257 qui
549 1186 674 1258 proximo
690 1183 775 1256 gradu
791 1177 882 1241 ειιιιι,3
901 1182 905 1256 i

86 1279 98 1310 ⁴
532 1297 567 1330 vv.
587 1285 629 1333 16.

107 1381 110 1388 ’
152 1371 215 1434 too.
246 1375 281 1430 Ex
304 1375 395 1431 eadem
416 1375 477 1450 iege
504 1375 646 1431 duodecim
672 1372 824 1430 tabularum
845 1373 1002 1429 libertorum
1023 1380 1052 1429 et
1103 1367 1108 1377 '

86 1459 252 1534 inpuberum
273 1459 433 1516 libertorum
455 1459 539 1516 tutele
560 1459 592 1515 ed
620 1468 751 1532 patronos
778 1457 934 1531 liberosque
956 1473 1051 1513 eorum

85 1546 224 1617 pertinet3
241 1559 310 1618 quae
325 1554 353 1600 et
367 1546 425 1618 ipsa
440 1543 525 1601 tutele
540 1543 659 1616 legitime
675 1551 799 1613 uocetur,
815 1559 871 1599 non
881 1546 949 1616 quio
962 1546 1050 1599 nomi·

84 1633 179 1685 nolim
196 1645 225 1684 ee
241 1628 302 1703 iege
318 1628 351 1684 de
366 1629 416 1684 hoo
433 1629 515 1684 tutela
531 1636 659 1702 cauetur,
675 1631 727 1685 sed
741 1629 803 1702 quie
815 1627 929 1702 proinde
942 1634 1051 1700 accepta

165 1835 184 1905 ¹)
199 1848 239 1889 aut
248 1841 288 1907 (ut
302 1850 384 1890 tomen
398 1843 482 1890 medio
497 1844 585 1891 littero
600 1843 675 1891 etiam
690 1844 752 1890 ovet
762 1842 777 1890 d
787 1842 904 1904 potuerit
913 1839 979 1904 esee)
995 1839 1021 1888 V
1023 1835 1051 1892 ¹².

84 1921 162 1976 atque
176 1927 212 1960 eoo
221 1912 327 1961 Looim.
339 1915 371 1976 ei.
382 1913 421 1962 ed.
432 1929 487 1961 mea
497 1925 517 1964 o.
542 1912 612 1960 Atii:
621 1928 658 1962 ee.
685 1913 750 1962 Cone
760 1927 821 1962 vero
832 1914 918 1977 lepos:
927 1918 983 1967 παις
993 1926 1051 1959 narn

12 2003 23 2022 ·
85 1989 116 2031 ut
124 1998 219 2032 servus
227 1989 251 2031 et
259 1985 303 2047 qui
314 1985 441 2032 inserviti
449 1984 602 2034 condicione
613 1991 663 2042 eet,
674 1991 752 2047 eaput
766 1985 793 2032 in
801 1983 905 2046 familia
916 1980 1052 2032 nonhabet

85 2053 122 2118 (ὅ.
132 2066 154 2103 4.
166 2053 222 2102 tt.
234 2052 274 2119 t.);
289 2069 371 2118 quare
385 2055 455 2118 quod
467 2070 535 2104 nune
548 2056 673 2118 supplevi,
689 2056 746 2117 ipsa
763 2057 831 2103 iurie
845 2055 915 2103 ratio
925 2053 1050 2116 postulat.

88 2124 111 2190 ²)
131 2125 223 2173 maiore
241 2125 266 2174 0.
286 2124 420 2174 maioribus
434 2126 491 2174 edd.
563 2122 582 2186 ⁸)
599 2125 724 2189 Reliquus
738 2141 830 2175 versuo
844 2126 940 2174 litteris
954 2138 1051 2172 uacuus

87 2203 135 2254 est,
151 2202 180 2244 ut
194 2211 260 2259 quae
275 2197 301 2244 in
315 2195 401 2245 Instit.
415 2203 572 2260 sequuntur:
591 2193 643 2245 ‘oet
656 2199 680 2245 si
695 2195 809 2262 (plures)
824 2196 937 2245 eiusdem
949 2193 1050 2259 prodes

86 2268 150 2324 sint,
165 2267 203 2315 ud
216 2263 312 2315 omneo'
331 2266 432 2316 Gaiana
451 2283 502 2316 non
521 2283 576 2334 epse
594 2268 757 2316 statuendum
775 2269 817 2320 eit.
845 2266 927 2330 quue
946 2279 975 2314 eo
991 2280 1050 2314 eon·

84 2339 218 2400 firmatur,
233 2338 302 2400 quod
315 2339 342 2385 in
357 2339 427 2388 nullo
442 2345 554 2387 totorum
567 2353 663 2403 periere
680 2337 961 2395 Gainounimodoertit,
975 2337 1051 2384 etiam

84 2410 179 2471 piureo
190 2423 320 2470 personne
334 2410 437 2457 tutelam
452 2411 571 2458 nancisei
580 2424 667 2472 poene.
750 2405 771 2474 ⁴)
787 2408 818 2457 In
833 2408 883 2457 liae
892 2408 1001 2472 popina,
1016 2421 1051 2455 eoo

87 2493 140 2542 quo
159 2494 241 2542 usque
258 2479 294 2527 od
312 2495 334 2527 o.
349 2475 480 2529 metium
500 2478 674 2528 Studemundo
692 2495 780 2542 panea
799 2485 896 2527 tantum
916 2477 1051 2527 verbovel

89 2551 206 2602 litterae.
227 2551 296 2598 velut
313 2566 335 2598 v.
351 2562 371 2602 o.
386 2551 445 2598 urbe
464 2567 487 2598 o.
502 2562 522 2601 o.
538 2550 641 2598 senonim
657 2566 679 2598 o.
694 2562 714 2600 o.
730 2551 754 2597 in
768 2550 827 2598 urbe
843 2549 916 2598 Romo
930 2565 952 2597 o.
968 2560 988 2599 9.
1004 2549 1051 2596 ite-

89 2635 134 2683 que
150 2628 176 2668 ut
191 2635 247 2668 seru
262 2657 321 2669 ....
337 2627 373 2669 est
387 2623 524 2684 expiscari
538 2623 620 2681 licuit,
634 2627 705 2670 reete
719 2620 813 2668 Heilw.
828 2620 927 2677 statuit,
938 2620 1051 2681 primum

89 2693 172 2740 locum
187 2692 300 2740 tennione
319 2692 351 2740 de
365 2693 479 2757 tepitima
495 2693 630 2757 perititiam
649 2693 729 2740 tutelo
748 2689 949 2753 disputationem
967 2696 992 2739 et
1006 2705 1050 2738 en-

89 2763 187 2810 riooom
206 2763 320 2826 quidem,
341 2763 378 2811 od
396 2779 470 2826 quam
489 2766 571 2813 lector
589 2763 813 2819 remittitur3,1t.
843 2760 887 2809 Ex
905 2762 970 2825 ipoie
989 2775 1050 2810 vero

90 2834 144 2881 iilis
163 2834 284 2896 reliquiis
302 2835 422 2883 conicere
436 2835 509 2892 lieet,
528 2835 612 2882 initiis
631 2834 735 2896 imperii
753 2835 808 2897 tepe
827 2833 916 2897 aliquo
933 2833 1050 2895 fortasse

89 2903 161 2951 Iulio
175 2903 290 2968 Aupueti
304 2905 345 2953 ius
357 2906 513 2970 pentititiom
524 2905 610 2969 quood
619 2905 746 2969 tepitimoo
756 2903 914 2952 hereditates
923 2911 948 2952 et
957 2905 1050 2952 tutetur

90 2989 147 3023 eum
161 2974 198 3023 ad
210 2974 334 3038 quaedam
349 2975 470 3025 nobilium
482 2976 601 3039 forrtiiioo
611 2976 729 3038 fortoooe
743 2991 778 3023 ex
792 2974 854 3024 urbe
865 2974 946 3024 Roma
960 2976 1049 3024 orion·

89 3045 151 3102 doe,
173 3051 224 3092 tum
245 3045 281 3093 ud
299 3048 468 3095 manumissos
486 3045 518 3096 ab
537 3048 571 3095 iis
590 3048 617 3094 in
641 3045 704 3094 urbe
724 3061 813 3096 nervos
831 3060 967 3109 eorumque
984 3059 1050 3107 pro-

88 3117 188 3180 peniem
202 3117 350 3164 restrictum
364 3133 431 3166 ense:
447 3118 516 3182 quod
529 3125 554 3166 et
567 3119 650 3180 ipsum
664 3119 706 3165 iun
720 3132 780 3166 mooe
794 3115 941 3166 aboleverit.

90 3309 126 3376 a'e
141 3328 192 3377 on.
212 3327 272 3391 φορ.
287 3341 308 3386 4,
323 3340 356 3380 ιε.
368 3344 395 3391 p.
411 3339 451 3378 ωε
464 3327 535 3378 nare.
578 3324 602 3396 ξ.
619 3331 678 3380 163.
700 3328 738 3390 os.
759 3327 814 3390 unp.
830 3338 864 3384 11,
874 3337 894 3376 2.
910 3328 932 3388 e.
944 3337 964 3376 s.
980 3325 1001 3374 ι.
1017 3326 1048 3375 ue

90 3402 139 3464 lep.
154 3415 213 3464 opu.
229 3406 275 3448 tut.
290 3401 322 3465 (1,
333 3397 377 3464 15).
391 3438 401 3454 .
428 3396 453 3467 ξ.
466 3403 525 3451 164.
541 3421 574 3442 =
588 3402 611 3461 §-
622 3411 642 3449 t.
657 3398 679 3447 Ι.
695 3399 726 3447 de
737 3413 792 3460 cup.
804 3398 867 3446 dem.
883 3394 914 3461 (1,
925 3396 969 3462 16).
984 3396 1015 3445 L.
1027 3409 1047 3448 9.

90 3470 126 3604 gs.
137 3470 292 3604 dlellzl'epiltuat.
308 3470 352 3536 (26,
362 3468 394 3535 4).
436 3466 461 3537 ξ
479 3473 537 3522 165.
553 3493 586 3512 =
605 3470 653 3519 Tit.
665 3469 686 3519 I.
698 3469 730 3518 de
740 3469 809 3533 lepit.
822 3475 892 3531 patr.
904 3476 949 3518 tut.
961 3466 992 3534 (1,
1003 3473 1046 3534 rt).

124 3578 130 3589 .
198 3579 204 3590 .
246 3577 253 3604 ,
282 3578 288 3589 .

798 3628 835 3679 5*
