2496 3984
194 187 235 252 18
635 203 722 242 carus.

195 325 337 395 positione
355 327 436 406 tanta
446 326 656 403 perspicuitate.
664 326 693 379 et
705 325 817 380 dicendi
828 324 1100 405 simplicitatemque
1111 329 1172 405 est,

195 397 228 446 ut
240 391 416 446 Herodotum
427 413 470 448 ms
482 410 596 448 narrare
610 409 738 462 op1nere:
758 409 831 462 quae
847 409 892 446 res
904 410 967 448 cum
1000 411 1081 446 nmis
1095 396 1170 448 tiro-

194 479 262 514 num
281 461 390 515 animos
407 462 497 516 allicit
515 463 545 516 et
562 461 707 540 delectat..
729 460 810 538 Quod
827 476 895 540 vcro
917 410 1115 538 negiigentiae
1136 462 1170 514 in

194 527 363 599 quibusdam
385 530 531 584 incusatus
554 529 608 592 est,
632 529 738 596 partim
756 527 879 583 libratus
896 531 990 605 potrus
1008 530 1081 582 vitro
1101 545 1169 583 ver·

193 595 311 650 tendum
331 597 422 664 (velut
439 599 514 666 quod
532 595 608 650 haud
627 610 690 648 raro
714 598 812 650 contra
834 597 1021 664 grammatrca
1040 595 1076 649 de
1097 612 1169 650 oon·

193 664 336 742 secutione
363 665 420 718 tem
443 681 524 718 orum
551 663 706 733 praecepta
731 679 864 742 peccasse
888 663 1025 740 uidetur),
1053 663 1169 732 partim

194 729 1171 878 titttttttdmtfftlt,littttltlttttti’latitate

195 865 329 925 edidisse.
354 883 412 920 sive
431 882 574 920 commum
592 865 795 918 oonsuetudrne
815 869 895 932 (nam
913 867 943 919 et
960 865 1029 918 alios
1048 865 1104 920 hoc
1122 866 1169 920 se·

193 935 263 988 cisse
282 933 363 986 velut
379 934 435 986 ista
452 933 511 988 fere
530 933 625 994 aetate
643 931 817 1000 Polyaenum
840 934 1074 1052 strategematum
1094 934 1166 986 scri·

193 1003 305 1070 ptorem
323 1001 499 1069 compertum
517 1001 664 1066 habemus)
684 1001 742 1054 sive
761 999 837 1066 quod
855 1016 916 1069 1pse
949 1016 982 1053 oc
995 1000 1170 1054 adsueverit

193 1072 287 1122 iacere
305 1067 335 1120 in
352 1067 432 1121 libris
449 1067 640 1138 singularibus
659 1066 695 1120 ad
714 1067 836 1121 edictum
856 1067 983 1132 edendis,
1003 1069 1063 1120 sive
1083 1068 1166 1136 quod

194 1135 353 1188 diffidentia
375 1135 515 1201 quaedam
538 1135 566 1190 in
589 1137 649 1188 tam
671 1150 745 1188 novo
763 1134 947 1203 scriptionum
969 1149 1074 1203 genere
1095 1151 1166 1188 eum

194 1201 373 1272 compulerit,
399 1201 434 1255 ut
454 1203 559 1258 iudicia
585 1201 730 1280 hominurn
757 1201 941 1280 experiretur.
981 1202 1166 1270 Argumento

194 1272 288 1324 autem
301 1273 344 1323 est
352 1272 483 1340 primum,
497 1270 573 1338 quod
582 1287 606 1322 ει
614 1287 737 1338 prrmum
748 1269 981 1323 commentarium
991 1285 1056 1322 cum
1067 1271 1165 1324 altero

194 1339 308 1392 demum
331 1337 487 1415 vulgasset,
510 1337 683 1392 mentionem
706 1337 885 1415 imperatoris
902 1335 1037 1390 Antonini
1057 1344 1082 1402 1,
1105 1344 1164 1391 102.

195 1409 332 1474 tanquam
344 1405 404 1458 vrvi
415 1405 543 1459 habitam
554 1421 611 1458 non
644 1405 737 1458 oterat
747 1422 776 1458 1n
789 1403 847 1458 divi
860 1405 1163 1458 commemorationem

195 1490 251 1527 non
273 1474 393 1526 mutare.
429 1471 565 1526 Similiter
586 1422 725 1524 iudicabis
747 1471 782 1526 de
805 1471 927 1525 secundo
955 1473 1164 1526 commentario

193 1541 303 1594 ratione
321 1539 414 1605 tertiis
438 1539 467 1591 in
490 1544 664 1617 quo§.100.
688 1539 749 1605 ipse
771 1537 909 1592 rationem
932 1539 1031 1607 placiti
1053 1539 1163 1617 reddit,

214 1607 270 1661 uod
293 1613 321 1664 ⁶2.
345 1613 403 1661 232.
426 1622 483 1660 non
504 1609 630 1676 pret1osa
651 1607 760 1659 ratione
784 1608 929 1674 receptum
953 1622 1014 1660 esse
1038 1607 1163 1662 dixerat.

194 1627 290 1728 htiam
309 1674 343 1728 de
362 1673 534 1742 usucapione
553 1689 604 1743 pro
622 1671 726 1726 herede
745 1689 795 1728 suo
818 1675 848 1728 et
864 1675 1021 1729 necessario
1045 1675 1094 1726 vel
1112 1691 1162 1728 ne·

195 1742 317 1798 cessario
335 1741 440 1796 herede
459 1743 588 1809 extante,
612 1743 791 1794 controversa
808 1757 874 1794 sane
892 1740 1026 1818 materia,
1046 1740 1164 1796 diversa

193 1811 281 1864 tradit
303 1817 333 1876 2,
352 1815 393 1888 tt.
419 1811 452 1888 et
465 1816 494 1874 3,
513 1817 587 1874 201„
612 1810 645 1862 nt
666 1809 766 1878 postea
788 1809 927 1886 rationem
949 1807 1050 1886 traditi
1071 1809 1102 1862 in
1126 1825 1161 1862 eo

193 1879 267 1932 male
286 1893 412 1946 posursse
426 1877 564 1943 videatur,
604 1880 658 1930 uod
675 1892 832 1930 necessario
847 1877 962 1930 extante
975 1875 1046 1928 mhil
1059 1878 1164 1930 contra

195 1945 373 1999 voluntatem
390 1943 534 2000 testatoris
553 1961 587 1998 ex
619 1943 757 1997 ereditate
770 1942 881 1997 detrahi
894 1943 1003 2008 debeat,
1023 1942 1160 2022 idemque

192 2014 251 2066 fore
275 2011 350 2066 cadit
373 2011 402 2064 in
426 2013 575 2091 cognatam
598 2010 817 2064 controversiam
836 2009 871 2064 de
890 2011 919 2063 in
946 2010 1007 2064 iure
1031 2026 1160 2065 cessione

193 2079 360 2134 hereditatis
379 2078 488 2132 collatis
506 2084 531 2144 2,
550 2085 591 2132 37.
610 2079 640 2131 et
656 2084 681 2143 3,
701 2084 741 2132 87.
776 2076 885 2132 Deinde
909 2077 994 2132 etiam
1018 2077 1160 2146 quasdam

193 2146 343 2211 materias,
367 2145 497 2200 velutin
518 2145 579 2199 iure
602 2146 756 2200 cessionem
778 2145 945 2199 hereditatis
968 2147 998 2198 et
1018 2145 1160 2200 bonorum

194 2215 414 2286 possessionem,
441 2227 513 2280 quae
540 2214 653 2267 sinere
676 2212 760 2266 datur
782 2213 871 2290 (illam
894 2219 922 2277 2,
946 2219 1064 2290 3⁵·337z
1081 2217 1112 2266 et
1133 2220 1159 2278 3,

194 2285 314 2337 tlt-87.¹
334 2282 406 2335 hanc
419 2287 443 2344 a,
463 2287 530 2334 151⁸.
543 2281 573 2334 et
584 2288 608 2345 3,
622 2286 742 2346 35-37),
761 2280 805 2334 brs
823 2282 853 2334 et
864 2282 974 2333 tanturn
988 2295 1043 2333 non
1055 2280 1160 2334 1isdem

194 2349 289 2404 verbis
308 2349 368 2402 sine
386 2347 472 2401 dubio
490 2363 545 2402 non
564 2347 753 2417 explicuisset,
771 2347 821 2401 sed
838 2363 906 2409 rem,
924 2348 958 2402 ut
974 2347 1045 2400 alias
1063 2347 1159 2401 iacere

195 2418 281 2483 solet,
316 2415 487 2470 remittendo
512 2415 647 2469 lectorem
676 2415 857 2536 expediisset,
887 2414 941 2467 nisi
967 2431 1032 2467 cum
1058 2417 1161 2483 postea

195 2484 288 2554 aptius
305 2484 378 2538 hauc
395 2482 545 2536 materiam
562 2483 592 2536 in
605 2497 706 2538 comm.
734 2482 769 2536 ll.
788 2483 877 2536 tradit
887 2481 1082 2547 intellexisset,
1100 2481 1158 2535 iam
1171 2499 1208 2547 [os]

194 2552 326 2606 manibus
353 2551 464 2630 elapsus
491 2551 565 2605 esset
591 2566 692 2605 comm.
716 2549 764 2616 11,
793 2551 824 2603 ut
846 2549 985 2619 corrigere
1008 2565 1074 2602 eum
1101 2567 1159 2604 non

216 2622 299 2674 osset.
334 2618 463 2687 Demque
482 2625 506 2682 3,
525 2624 566 2673 66.
585 2635 644 2672 rem
666 2625 687 2684 1,
706 2623 747 2674 22.
766 2618 921 2684 expositam
939 2618 998 2670 tam
1016 2616 1083 2682 late,
1101 2617 1160 2671 imo

194 2639 280 2740 iatius
299 2687 418 2754 repetit,
442 2702 527 2753 quam
550 2702 605 2740 non
624 2686 737 2753 poterat
758 2685 800 2738 ita
821 2683 956 2750 scribens,
981 2686 1012 2736 ut
1033 2684 1124 2738 lector
1142 2701 1162 2738 a

196 2849 219 2896 in
237 2847 336 2895 [ormam
352 2846 438 2894 indicis
453 2841 573 2894 redactas’
585 2846 657 2894 multa
672 2859 725 2894 cum
741 2851 791 2894 arte
802 2845 906 2895 coniecit
916 2845 1075 2905 Boeolingius
1086 2857 1160 2894 suac-

194 2933 239 2981 que
256 2918 308 2966 Gaii
329 2917 427 2966 editioni
447 2916 477 2964 ed
496 2916 586 2966 calcem
601 2916 696 2965 adiecit.
750 2912 769 2980 ¹)
785 2915 846 2964 Sane
862 2930 938 2978 nuper
949 2915 1102 2964 Poleuaarius
1119 2917 1157 2965 ed.

195 3003 252 3038 suec
266 3003 290 3052 p.
306 2999 353 3038 aaa.
369 2989 412 3036 has
427 2989 467 3048 §i-
482 2995 507 3035 ut
521 2987 615 3050 spurias
630 2987 714 3045 eiecit,
734 2987 835 3036 maxime
850 2998 870 3044 a,
885 2997 918 3038 aa.
935 2993 1073 3048 argumento
1090 3002 1159 3036 usus.

195 3061 242 3109 Sed
257 3066 282 3108 ut
296 3059 398 3109 cessioia
413 3058 485 3106 tutela
501 3073 546 3106 non
562 3065 652 3107 tantum
668 3059 712 3106 sub
727 3058 832 3120 speciem
848 3057 966 3119 legitimae
983 3058 1069 3106 tutelae
1084 3059 1160 3113 cedit,

194 3133 236 3180 sed
251 3132 322 3180 etiam
338 3136 363 3179 ut
377 3129 474 3192 propria
489 3129 577 3178 tutelae
592 3130 700 3192 species,
715 3141 775 3192 qnae
790 3129 899 3177 cessione
915 3128 1028 3186 defertur,
1043 3128 1160 3177 conside·
1233 3173 1234 3186 ,

193 3203 242 3251 rari
257 3208 344 3264 potest,
364 3201 396 3250 ita
412 3200 481 3248 etiam
498 3201 565 3250 dein
580 3201 631 3250 iure
651 3200 760 3250 cessione
774 3199 914 3248 hereditatis
929 3199 1088 3248 diversimode
1104 3207 1158 3262 pot·
1233 3203 1234 3268 p

194 3281 231 3322 cst
242 3273 354 3322 iudicari.
385 3271 425 3320 lile
441 3271 492 3333 ipse
508 3287 563 3320 roro
578 3272 677 3322 secundi
692 3271 746 3320 libri
761 3271 828 3324 locus
845 3271 915 3326 etiam
930 3270 1063 3320 evidentius
1079 3271 1159 3331 arguit
1233 3303 1234 3306 κ

194 3345 231 3402 id,
251 3344 313 3407 quod
329 3344 357 3392 de
373 3342 465 3392 ratione
485 3343 619 3391 inteream
638 3349 663 3390 et
681 3342 776 3392 tertium
795 3341 880 3390 librum
901 3341 1063 3389 intercedente
1084 3355 1157 3403 supra

193 3416 328 3464 statuimus.
358 3414 494 3476 Quanquam
511 3413 583 3462 Gaius
597 3414 668 3462 nimis
683 3413 796 3461 molestos
810 3419 865 3474 post
879 3424 900 3473 a,
911 3423 944 3462 98.
965 3411 1047 3458 mutati
1062 3412 1156 3460 consilii

194 3486 368 3534 obtrectatores
384 3498 412 3535 co
428 3484 499 3532 etiarn
514 3484 617 3532 refutare
627 3490 729 3547 poteret,
743 3482 806 3546 qnod
816 3479 925 3530 cessione
937 3496 1029 3545 qrroque
1042 3478 1159 3532 ‘horodes

195 3556 266 3604 “tlicui
281 3551 385 3604 fiamus'.
758 3553 761 3561 “
