2496 3984
523 197 611 234 umus.
1011 180 1052 244 15

79 324 162 378 haee
179 320 343 375 rudimenta
360 335 393 374 eo
412 319 528 374 oonsilio
546 319 709 388 scripsisse,¹
728 322 761 374 ut
778 321 819 373 ‘in
831 319 997 375 stationibus
1008 321 1053 373 ins

80 389 206 512 Enbliee
229 386 402 442 docentium’
426 385 510 453 (Gell
534 392 578 452 13,
604 391 646 453 13)
670 388 706 440 ab
728 387 763 441 iis
784 387 891 466 potius²
913 405 999 457 quem
1020 390 1053 440 ut

106 459 229 512 actenus
249 455 424 520 factitatum,
451 455 487 508 ab
509 453 595 508 edicti
621 455 715 522 prima
733 457 816 534 parto
838 455 907 508 iuris
929 455 1052 508 studium

83 521 515 645 “usspioeissm’gssru⁰d·p²¹i·w
526 521 559 641 {i
570 521 700 641 ingfflum
711 522 803 642 riqieri
815 522 947 643 debgibat
956 523 1052 600 ‘atque

82 607 224 779 {less
242 605 309 711 :lt
327 605 527 736 utute?
543 603 1052 735 tununnensis

99 741 185 780 acere
197 724 294 778 vellet.
326 723 415 790 Atqui
432 739 489 777 rem
501 722 608 776 dudum
620 740 655 777 ex
667 739 770 792 rernm,
787 741 818 778 n1
829 724 844 777 l
880 740 920 792 or,
939 725 1004 778 notu
1016 725 1052 777 cb

84 794 221 862 Augusto
237 792 268 844 in
280 807 389 869 menses
401 790 523 869 aestivos
535 791 568 868 ot
575 789 709 845 hibernos
721 791 811 845 diviso
824 791 912 857 (Suet.
924 793 997 860 Aug.
1010 797 1052 846 32.

85 859 190 914 Claud.
212 863 278 925 tn),
302 875 352 926 qur
379 860 465 912 etiem
491 858 609 912 oons1lia
630 858 834 927 imperatorum
856 859 957 924 (Dione
979 859 1052 913 toste

85 930 374 1049 {esttenete
390 927 469 1048 stc
483 924 657 1058 ittlblffi
675 926 1005 1048 succutit
1024 926 1054 1059 {l

85 1062 118 1115 in
136 1077 220 1114 usum
236 1065 364 1125 venerat,
382 1061 416 1113 ut
432 1008 501 1137 iuris
531 1033 627 1138 noque
637 1001 762 1114 εὲιιιᾱίιιιιι
772 1030 826 1130 Ιρει
838 1011 1052 1114 ιιιιξιιιιοεειιῖειιε

85 1127 165 1183 binis
183 1143 296 1207 quoque
314 1142 500 1206 anno'nensrs
512 1077 665 1181 (distmetos
677 1127 878 1184 absolveretur.
907 1127 972 1182 Uti
997 1127 1053 1204 'tur

89 1211 108 1248 a
124 1195 240 1249 madius
257 1210 342 1263 quum
358 1210 473 1248 mmrme
492 1193 666 1261 deflecteret,
685 1212 750 1248 oum
761 1195 974 1249 Institutionum
998 1194 1053 1246 ibri

89 1261 206 1331 integro
223 1277 296 1316 anno
313 1277 370 1316 non
387 1261 562 1338 sufficerent,
606 1261 803 1340 rudentissime
822 1261 908 1315 Gaius
929 1261 1054 1338 instituit

28 1342 81 1392 ¹⁹³³
92 1329 555 1450 ttttlttsltiddttdi
576 1330 635 1451 ιιι
655 1328 1053 1450 lucentissime:

91 1413 235 1541 gustetur,
253 1462 332 1531 isque
349 1465 455 1532 purtim
467 1413 694 1517 Insuoi’uoni'bus
712 1463 816 1532 partim
828 1413 962 1532 quietum
972 1412 1053 1516 fibris

90 1529 284 1608 singularibus
301 1534 493 1608 occuparetur.
529 1530 586 1585 Sed
604 1530 657 1584 etsi
674 1531 795 1599 placeat,
811 1531 887 1598 quod
904 1531 1001 1583 multis
1018 1545 1054 1583 ex

90 1614 184 1653 causis
200 1597 424 1665 ressumthum,
447 1599 505 1652 iam
527 1599 596 1652 tamo
618 1599 685 1652 unte
708 1597 832 1652 edietum
854 1597 994 1666 praetoris
1009 1598 1054 1650 ins

91 1665 176 1719 civile
195 1680 230 1718 ex
247 1664 326 1718 libris
344 1665 459 1720 Masurii
478 1665 575 1720 Sebini
593 1665 722 1720 semestri
739 1682 820 1719 eursu
831 1665 969 1719 traditum
983 1680 1052 1740 osse²

91 1733 136 1786 ita
157 1747 274 1800 qnoque»
292 1731 380 1786 Gaius
405 1732 449 1786 his
469 1733 613 1786 incondito
639 1733 751 1800 scriptis
776 1731 855 1785 libris
880 1747 944 1784 suas
969 1731 1055 1784 vieini

93 1799 255 1869 argumenti
276 1799 471 1854 Institutiones
497 1802 527 1854 et
542 1799 630 1854 libros
655 1799 837 1868 singulares‚²
863 1798 965 1852 dehine
987 1797 1055 1851 snni

93 1883 175 1935 opus,
194 1867 389 1934 subrogando⁸
400 1867 507 1935 optime
519 1866 555 1921 de
567 1866 668 1920 studiis
684 1866 753 1920 iuris
771 1863 862 1919 civilis
872 1865 990 1919 meritus
1002 1865 1054 1928 est

169 2041 189 2110 ¹)
204 2043 252 2094 Nec
266 2045 375 2109 improbo
390 2045 435 2094 boc
450 2045 482 2094 ita
497 2052 630 2110 acceptum,
645 2035 671 2094 ut
684 2051 810 2108 antequam
824 2043 987 2093 institutiones
997 2057 1054 2092 suas

94 2115 119 2164 in
133 2115 254 2178 publicum
269 2115 359 2178 ederet,
374 2131 401 2164 ea
416 2116 468 2180 ipsa
482 2117 539 2177 lere,
554 2129 614 2180 quae
624 2115 762 2179 scripserat,
776 2115 828 2164 riva
838 2129 895 2164 voce
906 2114 1054 2163 auditoribus

95 2186 212 2248 traderet,
231 2200 302 2250 quam
321 2187 464 2236 sententiam
482 2187 589 2250 pluribus
609 2193 736 2236 exsecutus
755 2193 792 2234 est
806 2186 834 2236 ll.
849 2185 973 2246 Derobnrg
992 2183 1053 2232 libro

97 2253 147 2306 ‘die
162 2256 329 2306 lnstitutionen
344 2257 386 2305 des
401 2257 474 2306 Gaius
489 2258 527 2306 ein
544 2253 724 2318 Collegienbeit’
740 2268 800 2308 1869.
821 2271 844 2319 p.
859 2267 885 2308 ut
900 2271 960 2318 seq,
982 2254 1053 2303 modo

96 2342 126 2376 oe
140 2341 168 2375 er
182 2327 407 2376 commentariorum
422 2328 525 2389 nomine,
540 2343 587 2391 quo
598 2327 671 2376 Gaius
686 2327 730 2375 hos
740 2333 766 2375 ut
775 2327 835 2376 allos
845 2326 920 2375 libros
930 2325 1002 2374 etiam
1011 2339 1053 2373 ore

96 2411 215 2461 nunqnam
222 2398 332 2460 traditos,
339 2399 447 2448 modeste
457 2399 592 2462 appellavit,
603 2403 766 2460 argumentum
777 2397 828 2446 eius
838 2396 969 2446 sententiae
980 2396 1054 2444 ducas

96 2481 172 2532 neque
186 2469 231 2517 hac
245 2469 298 2531 ipsa
310 2469 395 2530 torma,
410 2483 481 2532 quam
495 2477 612 2529 tenemus,
634 2481 662 2516 ex
676 2467 811 2516 auditorum
825 2467 922 2516 schedis
937 2467 960 2515 in
975 2465 1055 2528 publi·

97 2553 151 2589 cum
165 2553 207 2588 eos
220 2539 340 2601 prodiisse
354 2539 467 2603 opineris.
492 2539 629 2602 Quanquam
643 2539 715 2586 etiam
730 2537 776 2586 alia
789 2537 902 2600 pleraque
918 2551 946 2584 eo
958 2536 982 2583 in
992 2536 1054 2583 libro

97 2617 202 2660 oetemm
216 2609 391 2672 elegantissime
412 2609 502 2673 scripto
517 2610 610 2672 insunt,
625 2623 685 2672 quae
699 2622 746 2656 non
760 2607 843 2670 probo.
896 2602 958 2671 ¹)ln
972 2605 1055 2666 vulgus
1159 2613 1161 2620 “

97 2686 177 2729 notum
192 2687 237 2742 est,
252 2680 276 2728 in
291 2680 357 2729 libris
372 2681 402 2730 ad
417 2681 530 2729 Sabinum
540 2679 652 2728 materias
667 2679 696 2728 de
706 2677 865 2738 testamentis,
881 2676 1004 2738 delegatis
1014 2675 1054 2741 (de

98 2765 176 2800 rerum
190 2751 387 2814 acquisitionibus
402 2751 469 2800 etde
484 2747 669 2815 contractibus),
689 2749 719 2798 de
738 2749 793 2798 dote
812 2754 835 2796 et
850 2748 879 2796 de
893 2747 974 2796 tutelis
988 2747 1055 2810 prin·

99 2822 174 2883 ciuem
188 2821 266 2870 locum
280 2821 420 2870 obtinuisse.
448 2823 497 2870 lam
516 2835 570 2870 enm
586 2836 627 2882 ea,
646 2821 745 2885 quaein
760 2819 850 2868 scholis
864 2819 985 2881 leguntur,
1000 2832 1055 2866 raro

99 2891 187 2941 absolvi
202 2893 302 2952 soleant,
317 2893 387 2940 ctiam
401 2893 444 2941 bas
459 2893 570 2941 materias
585 2891 656 2954 solas,
671 2891 784 2955 quamdin
798 2905 826 2939 ex
837 2890 925 2939 Sabino
939 2890 976 2938 ius
987 2888 1055 2936 civile

99 2961 242 3024 traderetur,
261 2968 374 3012 tractatas
393 2977 452 3016 essu
466 2977 567 3026 pronum
580 2963 610 3012 ad
625 2962 806 3012 existimandum
821 2967 866 3009 est.
895 2960 962 3018 Quod
976 2961 997 3008 si
1011 2973 1055 3022 po·

99 3033 183 3094 nimus,
198 3048 259 3082 nova
273 3033 375 3082 docendi
389 3035 450 3082 ratio
465 3049 478 3082 a
493 3033 552 3082 Gaio
566 3033 674 3082 institute
689 3047 759 3096 quam
777 3032 874 3080 minime
889 3046 903 3079 a
917 3037 997 3079 vetere
1013 3030 1055 3077 de-

100 3104 169 3165 flexit,
184 3105 305 3167 magisque
321 3105 343 3153 ei
358 3104 449 3153 addidit
462 3110 561 3166 tantum,
576 3103 739 3152 Institutiones
754 3117 809 3152 suas
824 3103 892 3166 quasi
906 3099 1055 3166 προοίμιον

101 3174 185 3224 Sabino
200 3173 273 3239 (nanc
288 3175 330 3223 llll
344 3175 411 3223 libris
421 3171 589 3236 singularibus)
599 3175 742 3237 praefigens,
751 3188 822 3238 quam
832 3172 940 3221 detraxit.
980 3165 1001 3236 8)
1011 3169 1055 3216 Ve-

102 3245 193 3312 stigium
208 3245 259 3294 eins
273 3245 310 3293 rei
328 3245 352 3294 iu
367 3260 396 3294 eo
410 3259 556 3307 cognoscere
571 3245 630 3293 mibi
639 3245 730 3306 videor,
745 3244 808 3307 quod
818 3248 910 3307 postea,
925 3241 1054 3289 iustiniano

102 3317 213 3365 inconst.
241 3315 340 3366 Omnem
354 3316 414 3379 reip.
429 3318 453 3378 ξ,
468 3328 488 3366 1.
503 3322 578 3377 teste,
595 3315 647 3364 Gaii
657 3315 819 3364 institutiones
839 3320 863 3361 et
876 3319 987 3374 quattuor
1000 3309 1056 3358 libri

101 3385 230 3452 singulsres
247 3383 511 3448 ‘connumersbsntur',
531 3386 556 3434 id
570 3393 607 3434 est
620 3399 663 3447 pro
678 3401 724 3434 nno
740 3385 799 3434 libro
814 3399 834 3432 s.
850 3381 967 3430 volamine
982 3380 1056 3428 lrabe-

103 3458 185 3506 banlur
202 3455 283 3521 (sicuti
302 3457 384 3507 Sabini
402 3473 463 3522 opus
481 3454 568 3521 luerat)
587 3456 681 3505 scilicet
699 3469 727 3504 er
746 3469 786 3503 sex
805 3453 866 3514 illis,
885 3467 944 3516 quos
963 3458 1014 3500 tum
1028 3463 1056 3499 ex

80 3529 83 3538 ’
103 3528 208 3577 universa
227 3528 426 3592 iurisprudentia,
447 3525 523 3591 ‘qnae
542 3528 566 3575 in
584 3527 700 3574 librorum
719 3523 845 3574 duomilia
860 3517 1056 3582 extendebatur’,
