2508 3972
418 199 476 234 oen
494 201 586 234 meran.
606 181 654 234 IV.
673 186 787 240 80-81.
1019 182 1085 248 229

123 346 206 385 cansa
229 331 362 401 mancipio
385 329 473 400 datur,
496 329 621 386 diuersae
643 329 753 386 scholae
774 339 899 386 auctores
915 341 1021 404 putant,
1045 341 1087 388 ter

123 431 188 469 eutn
210 415 343 486 mancipio
358 413 416 469 deri
436 413 549 479 debere,
573 415 635 487 quie
655 414 717 487 lege
736 431 783 470 x11
806 414 957 472 tabularum
978 425 1086 472 cautum

124 499 180 568 sit,
201 495 259 573 ’(ne
278 500 358 570 fliete
377 500 413 553 de
431 505 574 570 potestate
593 502 689 569 patris
704 493 819 574 etiterJ¹
845 508 937 568 exeat,
961 515 1041 572 quam
1063 501 1087 556 oi

124 592 169 636 ter
190 583 273 638 suerit
294 583 477 655 mancipatur:
501 582 617 638 &binas
639 591 667 638 et
689 581 795 638 Cassius
818 584 956 656 ceterique
971 593 1087 639 nostrae

122 666 235 722 scholae
256 675 382 722 auctores
407 664 534 723 sufficere
550 683 629 722 unam
653 668 876 739 mancipationem
896 667 1085 734 crediderunt3

123 743 260 808 'etenim²
275 758 331 806 tres
347 750 466 823 legem
481 750 632 806 tabularum
648 751 681 806 ad
693 751 861 806 uoluntariae
876 752 1086 825 mancipationes

123 837 274 907 pertinere.

187 915 242 978 80.
265 918 335 974 Hace
355 920 392 975 ita
412 918 446 974 de
466 920 508 974 his
529 920 670 992 personis,
693 935 761 992 qaae
782 920 809 974 ia
830 925 966 991 potestate
989 916 1085 994 (cant),

124 1005 183 1060 siue
199 1019 233 1058 ex
248 1012 392 1058 contractu
407 1005 466 1060 siue
481 1020 514 1058 ex
528 1001 664 1060 maleficio
685 1019 777 1060 earum
793 1005 988 1061 controuersia
1004 997 1086 1060 'oit:³

124 1089 200 1160 quod
216 1103 284 1143 uero
306 1086 339 1142 nd
361 1103 409 1144 eea
423 1103 570 1160 personas,
593 1103 662 1159 quae
684 1088 712 1142 io
734 1103 814 1144 manu
829 1090 996 1162 mancipioue
1012 1095 1105 1164 sont„

125 1173 161 1227 ito
177 1174 220 1228 ins
237 1171 352 1242 dicitur,
375 1181 406 1226 ut
427 1188 487 1228 eum
511 1187 542 1226 ex
559 1179 705 1228 contractu
721 1187 810 1226 earum
826 1167 967 1245 ’agatur,⁴
988 1175 1039 1228 nist
1055 1171 1087 1228 ‘ab

127 1273 168 1325 eo,
186 1258 265 1312 euius
282 1256 335 1310 iuri
357 1255 494 1311 subiectae
516 1256 579 1325 sint,
603 1257 632 1310 in
654 1254 771 1310 solidum
793 1255 1086 1326 defendentuntoan,

126 1358 195 1413 quae
218 1355 310 1394 earum
332 1339 424 1396 saturn
444 1340 548 1410 forent,
569 1341 593 1395 si
612 1340 743 1396 eiecturi
760 1337 897 1396 subiectae
913 1356 968 1395 non
984 1350 1086 1410 essent,

126 1431 259 1481 teneant:
281 1423 328 1478 sed
344 1441 405 1480 cum
422 1425 549 1479 'rescissa
565 1427 669 1496 eapitis
684 1424 874 1479 deminutione
889 1439 953 1479 enm
968 1417 1024 1479 iis⁵
1038 1424 1087 1478 im·

124 1509 202 1582 perio
217 1509 369 1564 continenti
386 1508 487 1566 iudicio
502 1507 618 1582 ἐρίων,
638 1503 643 1583 Ι
662 1511 689 1564 ei
708 1509 852 1564 aduersas
867 1523 930 1564 eam
946 1511 1156 1564 actionemtttt.

125 1611 183 1650 non
204 1592 416 1663 defendantur,
440 1596 525 1648 etiarn
546 1609 610 1648 cnm
630 1597 698 1664 ipaa
719 1594 853 1660 muliere,
876 1594 941 1648 dam
957 1594 984 1648 in
998 1609 1087 1648 mann
1100 1580 1141 1621 ῃ·

125 1686 187 1746 est,
214 1680 263 1748 api
282 1685 392 1747 potest,
424 1681 493 1748 qaia
521 1684 579 1731 tam
608 1679 711 1732 tntae-ia
733 1679 896 1732 auctoritas
917 1679 1087 1732 necessaria

52 1765 181 1817 tetsanae
198 1753 267 1817 eat.6
288 1789 693 1800 —-—-—-—--—--—-—
914 1775 955 1813 vv.
972 1759 1086 1816 3-24.

501 1841 505 1917 Ι
524 1841 569 1899 81.
593 1842 678 1910 'Qum
692 1859 758 1916 ergo
781 1847 843 1900 est?
864 1845 968 1898 etiamsi
990 1847 1017 1900 ei
1038 1843 1151 1955 (εἰεῖἒο.

1125 1925 1142 1954 Ι.

124 1961 338 1970 .-...--ι-

200 2029 220 2097 1)
228 2032 307 2080 aliter
314 2029 377 2096 (elit)
385 2033 413 2079 in
422 2032 498 2093 finem
508 2033 598 2088 reieci,
611 2038 640 2080 nt
652 2038 800 2094 appareret,
813 2046 864 2095 qna
874 2032 906 2080 de
915 2047 996 2082 cauea
1006 2031 1087 2082 tibra-

122 2103 382 2153 riaeltaecomioerit.
422 2099 477 2168 Ἠ
491 2100 561 2170 itinn]
572 2099 624 2152 Vfl‘.
667 2098 688 2167 8)
704 2101 854 2150 ettBtnnm.
870 2101 931 2153 Sca.
949 2111 1013 2151 esset
1026 2104 1085 2152 edd.

126 2173 146 2239 ⁴)
158 2181 271 2236 ageretur
279 2172 305 2223 O.
313 2173 372 2222 edd.
410 2169 430 2236 5)
439 2172 585 2222 &eandum
597 2173 624 2222 V
624 2169 777 2235 “aeriptnrn
784 2173 870 2235 fni-rae
875 2175 969 2235 putavi
976 2173 1086 2222 rcissakd

125 2246 178 2293 ciis.
217 2241 239 2308 ὅ)
254 2241 412 2292 Sententiam
426 2245 463 2292 ita
468 2244 527 2306 fere
538 2245 642 2307 perfeci
651 2239 756 2292 ‘Gaias'
770 2257 797 2306 p.
806 2254 853 2293 175.
872 2244 959 2292 Aliter
974 2243 1092 2306 Radorff

125 2315 175 2364 Ed.
185 2322 287 2378 perpet.
299 2330 327 2377 p.
337 2325 371 2364 aa.
391 2321 500 2364 tutorem
510 2329 640 2378 personae
654 2315 735 2364 alieni
753 2314 821 2362 iuria
834 2314 922 2362 datam
936 2321 1028 2364 eontra
1045 2316 1087 2363 ine

125 2388 202 2436 civile
215 2392 340 2434 etataena.
350 2409 384 2422 ·-·
395 2384 469 2434 Haec
480 2387 596 2448 fortaeoe
610 2401 641 2434 ea
650 2385 736 2433 rtatim
750 2392 917 2446 exceperunt,
932 2400 997 2449 qnae
1011 2384 1087 2434 nabet

120 2473 165 2520 pr.
180 2457 202 2504 I.
222 2457 247 2504 ei
261 2457 353 2519 quadr.
365 2471 446 2519 paap.
462 2454 492 2522 (4,
507 2455 539 2522 8),
558 2457 605 2504 aed
618 2463 715 2505 tantam
729 2453 837 2504 haecce:
858 2452 1027 2504 ‘Animalinm
1041 2471 1086 2504 no·

124 2530 205 2585 mine,
231 2541 297 2590 quae
320 2528 423 2576 ratione
444 2535 548 2585 carent,
571 2528 596 2575 ei
619 2543 670 2590 qna
693 2526 803 2575 lascivia
821 2533 866 2574 ant
883 2527 993 2588 feraore
1014 2525 1087 2591 (atii.-

126 2594 263 2662 ‘panore’)
278 2603 325 2646 ant
335 2597 444 2660 feritate
454 2599 607 2661 pauperiem
623 2596 750 2660 fecerint,
770 2598 874 2647 nonalis
888 2599 958 2646 aetio
972 2599 1028 2661 tepe
1041 2604 1091 2643 ΧΠ

124 2669 272 2719 tabularum
288 2669 399 2730 prodita
418 2675 471 2717 eat:
493 2683 558 2732 qnae
577 2670 703 2718 animatia
720 2668 744 2714 ei
762 2683 848 2718 naccae
867 2667 1007 2725 dedantur,
1021 2682 1086 2730 pro-

121 2743 216 2804 ficiunt
225 2739 315 2788 reond
328 2738 517 2798 liberationem,
532 2741 593 2803 qnia
609 2741 646 2788 ita
659 2741 704 2788 leae
714 2745 763 2784 XII
769 2738 819 2788 tab.
830 2740 932 2802 scripta
941 2736 998 2788 eat!
1028 2737 1086 2788 Non

123 2813 200 2861 etiam
215 2817 315 2867 cetera,
330 2825 396 2874 qnae
411 2809 447 2858 ibi
455 2817 606 2874 sequnntur,
622 2826 687 2874 qaae
696 2811 802 2862 aliunde
812 2817 901 2859 aerata
911 2825 967 2859 ecoe
977 2816 1086 2860 constat.

126 2883 208 2932 natae
222 2888 314 2931 eontra
328 2887 390 2944 poet
408 2881 472 2930 naec
491 2881 591 2930 dimisse
605 2882 716 2943 videtur,
735 2882 803 2930 iliad
820 2883 931 2932 amnium
952 2883 1086 2931 nocentiam

123 2955 255 3003 actionum
268 2967 397 3002 commane
411 2967 479 3010 eoae,
494 2951 564 3016 qnod
576 2953 600 3000 ei
613 2967 704 3002 ternas
718 2955 758 3002 vel
771 2954 868 3002 animal
881 2959 941 3001 ante
956 2954 1010 3001 titis
1024 2967 1086 3002 con·

123 3025 284 3074 tertationem
298 3029 423 3072 mortuam
437 3024 483 3080 eit,
503 3024 608 3072 noxalis
622 3025 691 3074 notio
711 3025 895 3088 eacotinpnatur
915 3019 957 3087 (L.
972 3036 993 3073 1.
1013 3023 1035 3083 §-
1051 3033 1085 3072 18.

123 3095 155 3143 D.
175 3093 363 3158 eiqnadr.e,1.
383 3093 415 3141 L.
426 3105 459 3144 39.
478 3095 501 3154 §-
511 3105 533 3144 4.
553 3093 584 3142 L.
595 3104 630 3144 tte.
652 3096 674 3156 ὅ.
683 3107 704 3144 4.
724 3095 757 3142 Ι).
777 3095 808 3143 de
819 3095 907 3144 nonai.
918 3105 939 3150 e,
949 3091 981 3158 4).
1004 3091 1089 3141 Aliud

123 3167 192 3214 iaris
205 3179 272 3222 enee,
291 3163 316 3211 ct
329 3170 391 3226 poet
405 3165 460 3212 litio
475 3166 685 3214 contestationem
698 3167 740 3214 ret
753 3167 831 3227 calpa
845 3165 973 3213 moriatur
992 3161 1034 3228 (L.
1050 3173 1083 3212 lt.

122 3235 155 3286 Ι).
175 3235 208 3284 de
227 3236 317 3285 nancel.
345 3229 377 3282 L'.
393 3245 426 3284 at.
455 3235 478 3296 ἕ,
494 3248 514 3284 1.
538 3233 570 3282 1).
590 3235 626 3284 ad
644 3237 692 3300 lep.
712 3235 800 3298 Aquil.
815 3246 836 3291 9,
855 3231 887 3298 e),
907 3248 956 3297 qno
976 3249 1037 3282 caen
1053 3248 1086 3282 ne

123 3313 250 3357 mortuam
259 3305 365 3368 quidem
382 3303 506 3365 hominem
521 3320 607 3355 naccae
625 3305 691 3355 dare
705 3307 731 3354 ei
749 3307 836 3355 licere.
866 3301 949 3353 Plane
967 3305 992 3354 ei
1010 3303 1085 3352 inab

123 3381 176 3428 atio
196 3377 342 3433 occidatur,
362 3391 469 3439 aequam
488 3377 569 3424 ninam
588 3391 643 3426 eoae
662 3375 736 3441 (naec
753 3375 870 3439 fortasse
889 3376 916 3423 in
930 3391 952 3424 a.
968 3386 1002 3424 12.
1018 3389 1085 3424 com-

193 3539 216 3610 5Ὶ
234 3545 277 3593 80.
308 3543 347 3606 Cf.
361 3555 382 3606 e,
397 3555 432 3594 se.
451 3555 472 3602 4,
487 3553 521 3594 eo.
541 3555 562 3601 1,
577 3555 623 3593 ree.
639 3555 686 3594 192.
715 3543 770 3608 lltp.
787 3557 821 3603 tt,
835 3555 870 3594 er.
