2464 3978
186 199 230 262 90
492 215 549 250 oen
567 215 660 250 ursum.
678 197 713 248 II.
729 202 843 250 71-78.

186 349 222 402 ita
238 347 364 420 paulatim
381 345 482 402 ilumen
498 362 565 420 agro
580 353 676 401 nostro
692 344 787 416 adicit,
804 354 835 400 ut
849 346 991 400 aestimare
1012 361 1069 400 non
1086 361 1146 418 pos-

186 432 280 506 simus,
297 439 426 503 qnantum
439 447 549 504 quoque
560 437 697 485 momento
714 431 844 502 temporis
856 429 1003 484 adiciatur:
1022 423 1086 501 (et)¹
1097 429 1147 486 hoc

187 522 240 587 est,
256 515 329 588 quod
345 513 560 588 uolgodicitur‚
576 529 626 588 per
640 513 804 568 allooionem
820 514 847 568 id
862 513 930 568 adici
945 513 1052 584 uideri,
1075 513 1144 586 quod
1153 523 1197 570 [161]

175 600 223 654 *ita
238 599 364 672 paulatim
380 599 509 670 adicitur,
534 607 564 654 ut
580 597 674 654 oculos
696 604 806 652 nostros
828 597 915 653 sallat.
952 594 995 654 m.
1017 597 1112 670 Itaque
1126 599 1146 652 si

187 682 288 738 ilumen
303 691 407 756 partem
422 683 538 756 aliquam
554 699 587 738 ex
602 689 650 738 tuo
666 681 777 754 praedio
794 674 953 738 resciderit²
967 689 996 736 et
1011 681 1046 736 ad
1061 697 1146 736 mcum

135 771 175 818 tt.
186 767 325 841 praedium
340 767 492 840 pertulerit,
509 767 577 824 haec
591 783 653 840 pars
670 775 716 821 tua
729 760 829 843 malnet
873 761 920 825 72.
938 769 972 822 At
983 768 1006 820 si
1021 767 1051 820 in
1063 765 1147 820 medio

186 850 298 906 iluminc
318 851 406 908 insula
426 859 487 906 nata
507 852 560 922 sit,
580 852 647 906 haec
668 865 763 906 eorum
786 851 905 906 ornnium
929 853 1086 906 communis
1100 856 1147 918 est,

187 935 234 1008 qui
250 935 282 990 ab
298 943 415 1010 utreque
430 943 506 1008 perte
522 934 639 990 llumlnis
655 950 741 1008 prope
762 937 847 1008 ripam
868 933 975 1007 praedia
991 933 1147 1006 possident;

187 1021 210 1074 si
222 1035 290 1075 uero
301 1036 356 1074 non
368 1021 403 1074 sit
414 1021 441 1074 in
449 1019 537 1087 medio
549 1019 669 1090 llumine,
677 1017 709 1072 ad
721 1035 769 1073 cos
781 1019 911 1092 pertinet,
920 1019 966 1091 qui
978 1017 1011 1073 ab
1021 1035 1054 1074 ea
1063 1026 1145 1091 parte,

188 1119 258 1176 quae
272 1107 396 1176 proxima
411 1112 462 1172 est,
478 1104 551 1158 iuxta
566 1105 651 1177 ripam
667 1102 775 1176 praedia
790 1103 900 1159 habent.
937 1097 985 1160 ⁷3.
1006 1102 1147 1158 Praeterea

186 1187 222 1258 id,
240 1187 313 1260 quod
327 1189 354 1242 in
370 1189 430 1243 solo
446 1195 543 1242 nostro
555 1186 587 1242 ab
602 1187 693 1260 aliquo
709 1185 877 1243 aedificatum
889 1195 942 1258 est,
958 1188 1088 1260 quamuis
1101 1185 1145 1241 ille

186 1287 238 1327 suo
252 1272 363 1328 nomine
374 1271 567 1340 aedificaverit,
583 1273 642 1327 iure
652 1271 767 1326 naturali
778 1280 904 1327 nostrum
916 1269 957 1342 fit,
975 1272 1039 1344 quia
1054 1287 1147 1344 super·

187 1354 260 1412 ficies
275 1356 335 1412 solo
351 1357 431 1412 cedit.
473 1351 522 1412 ⁷4.
546 1356 685 1428 llultoque
701 1357 786 1428 magis
803 1357 830 1410 id
845 1355 942 1412 accidit
957 1363 985 1410 et
1000 1357 1028 1410 in
1045 1355 1146 1428 planta,

161 1469 162 1474 κ
188 1457 267 1512 quam
283 1442 343 1512 quis
358 1443 385 1496 io
400 1441 460 1496 solo
475 1448 571 1496 nostro
588 1441 726 1514 posuerit,
748 1441 772 1494 si
793 1441 875 1496 modo
896 1439 1033 1496 radicibus
1050 1448 1147 1495 terram

187 1525 326 1597 complexa
342 1525 433 1592 luerit.
470 1521 514 1582 ⁷5.
536 1524 607 1579 ldem
623 1525 758 1598 contingit
773 1532 801 1578 et
816 1526 843 1579 in
856 1525 1014 1597 frumento,
1035 1523 1107 1598 quod
1122 1524 1149 1577 in

188 1603 1149 1682 mmmmmmmmmnm.wmnmmmmm

188 1692 304 1748 fundum
319 1693 362 1748 uel
373 1691 568 1767 aedificinm‚et
579 1694 707 1766 inpensas
718 1694 744 1746 in
757 1691 907 1748 aedilicium
917 1692 961 1748 uel
970 1694 998 1748 in
1008 1693 1149 1748 seminaria
1161 1729 1166 1734 .

190 1777 1150 1850 mmmmmmmmmwmmmffimmm-

189 1863 340 1934 ceptionem
364 1862 420 1918 doli
442 1861 503 1916 maii
519 1861 661 1934 repellere,
683 1862 776 1934 utiquc
790 1863 813 1916 si
829 1859 915 1916 bonae
930 1859 993 1917 lidei
1004 1877 1150 1934 possessor

189 1944 283 2001 luerit.
319 1940 363 2001 71.
388 1945 485 2001 Eadem
507 1947 613 2001 ratione
633 1945 776 2018 probatum
798 1953 854 2021 est,
876 1945 949 2018 qnod
970 1947 999 2000 in
1022 1945 1152 2001 chartulis

191 2031 250 2083 siue
269 2029 430 2084 membranis
453 2031 518 2085 meis
541 2030 638 2102 aliquis
660 2030 817 2102 scripserit,
841 2030 906 2086 licet
927 2032 1017 2085 aureis
1044 2030 1150 2098 litteris,

191 2113 1152 2186 mmmmmfflwmmmmmmmmmmwffl·

191 2190 1154 2272 QQmemNJmmmmmssc

190 2283 331 2355 inpensam
353 2285 503 2356 scripturae
519 2283 636 2352 soluam,
658 2298 707 2354 per
728 2283 914 2356 exceptionem
930 2281 986 2338 doli
1003 2283 1067 2338 mali
1082 2298 1153 2338 surn-

190 2368 295 2422 moneri
316 2376 423 2440 potero.
468 2363 515 2424 ⁷8.
539 2365 591 2422 Sed
618 2368 641 2421 si
661 2367 689 2420 in
709 2364 800 2422 tabula
825 2383 885 2422 mea
912 2365 1010 2439 aliquis
1037 2367 1153 2440 pinxerit

140 2459 181 2508 m.
194 2449 279 2506 ueluti
294 2451 449 2525 imaginem,
465 2459 560 2508 contra
576 2451 722 2524 probatur:
742 2445 747 2526 l
766 2452 853 2524 magis
869 2453 939 2506 enim
951 2451 1060 2516 dicitur,
1079 2449 1152 2508 tabu·

192 2535 243 2590 lam
252 2536 374 2608 picturae
386 2535 497 2605 cedere3
508 2537 584 2592 cuius
597 2535 761 2590 diuersitatis
773 2536 817 2590 uir
825 2535 921 2591 idonea
932 2537 1002 2592 ratio
1015 2535 1152 2591 redditur:

191 2628 267 2700 certe
279 2620 426 2676 secundum
439 2621 508 2676 hanc
519 2620 641 2694 regulam
655 2620 675 2674 si
688 2635 730 2674 me
742 2619 900 2692 possidente
912 2614 999 2694 petas,
1010 2619 1153 2692 imaginem

266 2803 285 2871 l)
300 2805 409 2855 Addidi.
461 2803 482 2871 2)
502 2807 529 2854 V
530 2802 557 2866 ⁸⁸,
573 2783 624 2856 non
639 2785 753 2856 reciderit
766 2807 818 2855 vid.
833 2821 926 2872 opopr.
941 2806 1055 2855 Studem.
1067 2822 1095 2869 p.
1106 2817 1153 2856 298.

193 2873 214 2941 ³)
228 2875 274 2925 Sic
288 2892 356 2926 nunc
371 2879 450 2925 malni
463 2877 579 2926 scribere
593 2893 668 2940 quum
682 2885 774 2926 antea:
788 2884 815 2926 at
829 2892 915 2941 aeque.

264 3050 288 3122 ξ.
305 3055 346 3104 71.
369 3053 407 3116 Of.
422 3054 454 3103 L.
470 3066 489 3104 a.
505 3056 528 3116 ς.
544 3066 564 3105 a.
584 3055 616 3104 1).
632 3057 670 3104 tu.
686 3057 729 3104 cit.
745 3057 768 3116 5.
784 3054 911 3104 estne
923 3056 966 3104 cit.
1018 3050 1097 3122 §.tn
1116 3053 1152 3114 Cf.

192 3125 224 3174 L.
240 3137 259 3176 a.
276 3127 299 3187 ξ.
314 3137 334 3176 e.
355 3125 387 3174 D.
402 3126 440 3176 tit.
456 3127 499 3174 cit.
515 3127 538 3186 §-
554 3125 679 3176 milit.
695 3127 738 3175 cit.
790 3121 815 3192 ξ.
833 3129 874 3176 73.
896 3124 934 3187 Os.
949 3125 981 3174 L.
997 3137 1017 3175 a.
1033 3127 1056 3186 ς.
1073 3136 1106 3174 12.
1122 3123 1151 3171 D.

191 3198 231 3244 tit.
247 3199 290 3246 cir.
315 3198 338 3258 ξ.
353 3195 479 3246 solen.
495 3199 538 3246 cit.
553 3196 623 3259 Epic.
639 3209 660 3253 2,
675 3209 695 3246 1.
715 3199 738 3258 ξ.
752 3208 773 3246 4.
838 3192 863 3264 ξ.
880 3199 921 3246 74.
943 3196 982 3259 Of.
997 3195 1029 3244 L.
1046 3207 1065 3246 r.
1081 3195 1104 3257 ξ.
1120 3205 1151 3244 13.

192 3268 226 3316 Ι).
240 3269 278 3316 tit.
294 3269 337 3316 cit.
353 3269 393 3328 §§.
409 3279 442 3318 re,
457 3278 490 3318 m.
510 3266 533 3315 J.
549 3268 587 3315 rit.
603 3269 647 3316 cit.
662 3266 732 3330 Epir.
748 3279 769 3325 e,
785 3280 810 3316 1.·
820 3269 843 3329 ᾖ.
858 3279 879 3317 4.
935 3263 961 3334 ξ.
978 3268 1019 3317 75.
1041 3265 1081 3328 Cf.
1095 3265 1151 3314 L.s

188 3354 233 3401 pr.
252 3338 285 3388 1).
301 3340 339 3387 tit.
355 3340 399 3387 ott.
418 3341 441 3399 ξ.
457 3349 490 3389 es.
506 3337 528 3386 J.
545 3339 582 3386 eit.
599 3339 641 3386 cie.
657 3337 728 3400 Epis.
743 3341 759 3386 t.
776 3354 797 3387 c.
853 3333 878 3406 ξ.
895 3340 936 3388 to.
958 3337 996 3400 Of.
1011 3335 1083 3400 Epis.
1098 3349 1119 3399 s,
1133 3347 1150 3384 r.

192 3411 215 3469 ξ.
235 3421 255 3459 c.
271 3409 303 3457 L.
319 3421 338 3459 a.
354 3411 377 3470 ς.
394 3421 427 3458 m.
447 3409 561 3470 hope.
582 3408 614 3455 D.
630 3409 668 3456 tit.
685 3409 728 3457 cit.
748 3411 787 3470 §d-
798 3421 831 3460 so.
847 3408 977 3459 sedric.
993 3409 1037 3456 cit.
1075 3403 1151 3474 §.tt

195 3479 233 3540 Cf.
248 3479 318 3542 Epir.
334 3490 355 3536 a,
371 3492 390 3528 1.
410 3481 449 3540 ξς.
463 3491 485 3528 4.
501 3491 520 3528 c.
541 3478 573 3526 L.
589 3490 609 3528 o.
625 3481 648 3540 ς.
664 3491 684 3528 1.
700 3479 732 3526 D.
748 3482 786 3528 tit.
803 3481 846 3528 cit.
864 3481 887 3541 5.
902 3478 1028 3530 omitit.
1044 3480 1088 3527 cit.

193 3545 219 3614 fi.
236 3550 277 3598 78.
299 3549 354 3597 lurti
369 3546 443 3615 ectio]
460 3550 494 3612 cf.
510 3561 531 3611 3,
546 3560 593 3599 203.
