2464 3978
210 190 274 255 164
497 207 555 243 auu
573 208 666 242 ruorrr.
684 187 734 242 III.
753 193 880 242 95²-9't

207 337 270 399 Μ’.
285 383 293 396 .
306 345 332 404 ,Ι
350 349 377 395 et
389 337 496 395 debitor
510 339 587 406 ‘oius,
604 337 651 394 sed
666 346 694 393 et
707 330 822 409 petrio,¹
840 337 1001 410 simplicius,
1014 335 1076 390 dum
1085 336 1158 391 modo

208 429 289 481 iussu
311 427 373 482 eius
393 432 397 489 t
419 422 476 479 toti
497 423 579 478 dieat.
614 424 689 478 alius
711 437 781 478 nero
800 422 923 493 praeter
947 423 1004 478 bos
1027 435 1159 492 personas

209 508 331 583 obligari
356 509 411 565 boe
432 509 512 564 modo
529 515 533 570 1
551 523 606 563 uon
627 514 729 580 potest.
752 509 756 570 Ι
779 513 806 561 et
827 505 889 561 ideo
910 507 933 562 si
954 507 1015 580 quis
1030 505 1102 578 alius
1113 521 1160 575 pro

208 596 329 650 muliere
343 595 436 649 dotem
451 595 515 649 niro
525 595 692 664 promittat,
710 591 855 650 camimuni
874 592 933 646 iuro
955 589 1075 662 obligari
1088 590 1161 645 debe·

209 679 263 747 bit,
284 681 391 734 scilieet
411 682 443 733 ut
455 680 605 748 promittat
620 679 832 758 interroptatus.
875 669 924 732 96.
949 669 1036 731 ²Item
1057 689 1113 730 uno
1127 673 1161 728 lo·

208 768 312 835 potente
328 769 355 817 et
370 765 432 818 sine
448 769 453 826 Ι
470 763 695 834 interrogatione
711 761 763 815 alii
778 763 964 831 promittente
986 759 1162 816 contrabitur

209 848 359 920 oblipatio,
385 850 411 902 si
432 847 555 902 libertus
571 852 698 917 patrono
725 851 776 899 aut
796 845 900 900 donum
922 852 974 900 aut
993 859 1098 900 munus
1118 849 1161 896 out

209 943 317 1001 operas
340 932 527 987 sectaturum
548 945 610 986 esse
632 932 752 984 iurauit.
792 930 845 984 sed
862 930 915 984 boo
937 944 1012 984 ausu
1033 945 1089 984 non
1112 935 1160 982 tan

209 1013 333 1088 atmbage
360 1016 422 1072 sola
447 1013 613 1082 ’uerborum
639 1029 719 1086 quarn
745 1012 924 1069 iureiurando
956 1013 1159 1070 contrabiturt

209 1097 357 1172 obligatio:
383 1114 476 1172 neque
503 1098 550 1154 alii
573 1089 791 1170 promittentes³
817 1096 992 1152 iureiurando
1018 1097 1137 1152 homiues

138 1187 197 1236 154.
210 1180 380 1256 obligantur,
398 1185 492 1256 utique
507 1199 573 1239 eum
588 1183 732 1255 quaeritur
751 1180 864 1237 de'iure
880 1180 1073 1237 Romanorum.
1106 1171 1161 1234 'nau

151 1258 167 1296 ²·
177 1265 195 1296 ⁸·
209 1269 283 1342 apud
295 1269 457 1342 peregrinos
473 1268 538 1341 quid
554 1268 619 1322 iuris
635 1269 686 1336 sit,
702 1265 870 1338 singularum
887 1266 1039 1321 ciuitatium
1055 1267 1111 1320 iura
1126 1279 1201 1331 rapu

211 1353 353 1426 quireates
369 1351 442 1408 aliud
457 1351 619 1426 intellegere
638 1344 815 1424 poterimus.⁴

157 1489 159 1492 .
274 1431 322 1492 97.
346 1435 374 1492 Si
387 1435 426 1508 to,
442 1435 515 1508 quod
531 1435 587 1491 dari
601 1434 774 1508 stipulamur,
790 1433 843 1490 tale
859 1435 905 1506 sit,
922 1443 952 1490 ut
968 1433 1026 1490 dari
1041 1451 1094 1490 nou
1106 1449 1162 1506 pos·

210 1521 262 1590 sit,
284 1519 389 1575 inutilis
412 1529 454 1575 est
475 1519 631 1593 stipulatio,
659 1519 736 1574 uelut
758 1521 781 1574 si
803 1520 865 1591 quis
887 1520 1025 1574 bominem
1047 1517 1161 1583 liberum,

213 1620 295 1678 quem
310 1619 419 1658 sororum
436 1621 496 1660 esse
511 1603 652 1675 credebat,
669 1611 715 1659 aut
730 1611 884 1674 mortuum,
907 1619 986 1676 quom
1003 1605 1095 1658 uiuum
1110 1617 1161 1657 esse

212 1774 328 1839 obligari
340 1773 440 1831 debent,
455 1775 484 1822 id
497 1781 543 1830 est,
558 1781 586 1824 ut
600 1781 626 1824 et
639 1771 839 1839 interrogatam)
853 1773 1039 1836 respondeant,
1054 1780 1079 1822 et
1090 1775 1162 1836 stipu-
1200 1835 1201 1838 Ἴ

212 1847 266 1894 lato
276 1846 438 1908 promittant.
465 1847 489 1906 §-
499 1857 520 1895 4.
535 1845 599 1896 Item
613 1851 639 1894 et
652 1847 705 1894 olio
716 1859 787 1903 oaou,
802 1859 853 1894 uno
864 1845 982 1908 loquente
992 1851 1018 1893 et
1025 1846 1081 1894 sine
1090 1845 1162 1894 inter·
1200 1847 1201 1880 l

210 1917 347 1980 rogatione
361 1917 410 1964 alii
418 1917 584 1978 promittente
599 1916 764 1966 contrabitur
778 1915 911 1980 obligatio,
927 1915 1012 1974 idest,
1026 1917 1051 1965 si
1065 1914 1162 1964 libertus
1200 1881 1201 1943 l

207 1992 322 2049 patrono
337 1992 384 2035 aut
397 1987 491 2036 donum
501 1994 547 2036 aut
555 2003 646 2036 munus
659 1994 706 2036 aut
720 2001 814 2050 operae
827 2001 854 2035 se
864 1986 985 2035 daturum
996 2001 1051 2036 esse
1061 1986 1163 2035 iurauit:

211 2059 241 2106 in
254 2071 306 2119 qua
320 2071 349 2104 re
363 2057 511 2119 supradicti
524 2056 612 2106 liberti
625 2073 677 2107 non
692 2065 742 2106 tam
761 2056 897 2107 verborum
910 2059 1077 2116 solennitate,
1096 2071 1162 2121 quan

211 2126 389 2176 iurisiurandi
402 2129 529 2192 religione
543 2130 698 2177 retinentur.
726 2126 780 2177 Sed
799 2130 872 2176 nulla
893 2129 978 2176 altera
993 2128 1162 2192 personulae
1199 2171 1200 2200 ,

211 2199 304 2248 ordine
319 2197 433 2263 obligari
441 2195 548 2262 potest.'
575 2199 708 2248 tinuatur
722 2199 772 2248 boo
785 2199 896 2264 ungulis
911 2197 1004 2256 uerbis,
1020 2215 1084 2263 quae
1097 2197 1162 2248 sato
1199 2201 1200 2247 l

211 2271 238 2318 in
253 2269 304 2318 bae
314 2284 342 2332 p.
358 2271 444 2334 legere
458 2271 548 2325 liouit;
562 2279 620 2318 nane
637 2271 688 2318 iam
702 2285 724 2320 o.
736 2282 756 2320 a.
769 2270 828 2333 fere
842 2276 953 2318 eaoeunte
967 2267 1091 2334 (perinde
1105 2270 1162 2318 utin

211 2341 272 2404 epit.
287 2350 308 2398 s,
318 2351 363 2398 its
377 2339 463 2405 initio)
478 2343 603 2404 apparuit
618 2339 741 2406 ...s(unt
755 2355 818 2392 uero
833 2342 910 2390 etiam
923 2338 998 2405 a)liue
1014 2340 1162 2402 obligationes

212 2446 253 2459 ...
269 2411 364 2460 deinde
378 2421 423 2461 rat
437 2411 541 2460 uidetur
554 2413 680 2475 seriptum
691 2412 776 2475 fuisse
787 2447 810 2460 ..
826 2409 901 2477 (atio)
916 2411 980 2460 uullo
995 2410 1161 2473 sia-obligando
1198 2457 1199 2472 ,

212 2518 254 2531 ...
269 2481 344 2530 etad
356 2496 411 2538 res,
431 2497 497 2546 quae
511 2482 567 2532 doti
584 2483 639 2532 diei
648 2490 785 2546 poterant,
800 2483 961 2545 pertinuisse
975 2498 998 2530 o.
1014 2494 1048 2534 ιο.
1060 2520 1065 2532 .
1076 2519 1100 2531 ..
1115 2496 1162 2531 cor·
1198 2499 1199 2553 l

211 2553 278 2615 poral
294 2589 299 2600 .
316 2589 343 2600 ..
381 2551 513 2602 Personas
536 2569 596 2604 aera
618 2555 687 2603 dotis
708 2555 822 2604 dictione
844 2552 998 2616 obligandas
1021 2553 1162 2617 spectabant

211 2637 277 2687 qnae
290 2630 433 2687 sequuntur
446 2640 469 2672 o.
481 2636 581 2676 14—192
596 2639 662 2689 qnae
676 2623 810 2688 spitontae
826 2637 873 2686 ope
888 2624 924 2672 ad
940 2637 1042 2673 sensum
1055 2625 1162 2688 suppleta

211 2695 235 2754 ξ.
249 2696 298 2744 95¹.
313 2695 340 2761 in
356 2699 503 2744 contemtum
517 2697 636 2760 recipere
649 2710 729 2744 ausus
742 2709 805 2745 eum.
864 2690 883 2760 ¹)
896 2708 934 2762 eqo
945 2695 1030 2764 —spi
1049 2690 1097 2744 γ’*
1105 2701 1162 2757 puto

207 2777 260 2827 pro
275 2765 297 2812 e'
312 2765 332 2812 ε’
347 2771 371 2812 et
383 2763 480 2830 patri(s)
495 2768 548 2815 nisi
561 2767 642 2815 mavis
658 2765 679 2815 e'
699 2767 738 2815 uel
757 2763 862 2830 patri(s).
890 2756 1092 2816 Antecesserant
1109 2778 1162 2814 uero
1197 2781 1198 2790 ¹

166 2854 171 2860 “
209 2835 269 2898 fere
282 2834 392 2884 baeeoe:
406 2835 518 2884 Praeter
531 2838 662 2886 mulierem
672 2839 748 2886 miano
758 2844 836 2901 pater
848 2838 904 2886 eius
914 2837 970 2886 doti
979 2837 1068 2887 dicere
1078 2842 1162 2900 potest.
1197 2819 1198 2859 l

212 2905 260 2954 sed
279 2903 410 2969 obligatur
433 2921 462 2955 eo
486 2906 567 2956 modo.
646 2903 667 2972 ¹)
687 2907 773 2957 Etiam
794 2908 871 2966 leaeo,
895 2923 961 2972 puae
980 2915 1043 2972 post
1062 2908 1161 2972 spatum

212 2991 320 3026 uacuum
340 2977 367 3024 in
392 2971 441 3024 V¹²
457 2985 613 3042 sequuntur,
633 2985 683 3027 tam
699 2995 794 3042 parum
816 2980 843 3028 in
862 2977 983 3042 Epitoma
1002 2986 1097 3028 mutata
1114 2990 1160 3027 esst

212 3053 335 3111 apparet,
355 3053 382 3096 ut
402 3049 498 3097 eollata
512 3063 543 3098 ea
559 3065 615 3098 eum
635 3049 662 3097 V
663 3047 684 3081 ⁸⁸
701 3051 818 3114 oeedpiis
831 3056 909 3099 totam
928 3051 952 3112 §-
968 3050 1005 3098 ad
1016 3065 1115 3100 sensum
1127 3063 1160 3096 re·

209 3120 290 3181 ficere
305 3119 417 3176 licuerit.
469 3114 490 3184 ³)
508 3117 628 3169 Notatum
638 3123 731 3183 putavi
744 3121 812 3169 tabor.
828 3127 873 3184 qua
888 3127 913 3169 et
923 3127 1014 3184 postea
1030 3122 1116 3185 putes,
1196 3089 1197 3165 l

214 3185 236 3254 ⁴)
254 3187 325 3238 Stns
343 3189 463 3248 adnotat,
485 3191 513 3238 in
537 3189 564 3238 V
565 3185 586 3222 ’ὓ
599 3197 661 3254 post
679 3191 810 3254 poterimus
832 3192 947 3240 incertas
967 3195 1041 3256 sequi
1061 3191 1158 3245 umbras

214 3273 280 3321 quae
295 3259 413 3308 velutad
425 3260 450 3307 iu
465 3260 518 3308 aliis
533 3261 613 3308 ualere
628 3263 761 3311 lectionem
775 3262 905 3326 quadrent
918 3262 965 3311 sed
975 3263 1091 3325 sortasse
1104 3269 1159 3312 totae
1195 3301 1196 3322 ,

213 3328 303 3390 fallace
316 3331 415 3390 speeies
428 3330 489 3378 sint.
517 3329 619 3378 Deinde
632 3333 749 3394 sequitur
764 3333 832 3382 linea
847 3348 939 3382 uacua.
1150 3343 1153 3349 “

215 3425 427 3434 ——-.-----—

286 3473 312 3543 ξ.
327 3479 369 3526 97.
391 3477 429 3538 Of.
440 3477 472 3524 L.
484 3489 502 3526 1.
518 3479 541 3538 ἕ.
553 3488 573 3544 a.
588 3477 621 3526 D.
636 3479 668 3526 de
682 3477 730 3528 obl.
746 3487 771 3528 et
783 3487 834 3529 aot.
849 3479 894 3546 (aa,
905 3479 935 3546 t).
956 3440 1025 3544 Epit.
1041 3493 1062 3540 t,
1077 3493 1096 3532 9.
1111 3483 1131 3543 5.
1142 3489 1156 3528 t.

217 3545 255 3604 ii.
272 3557 291 3593 1.
307 3557 327 3594 s.
347 3545 369 3592 I.
384 3546 416 3594 de
430 3548 494 3594 inut.
509 3548 568 3608 stip.
583 3545 615 3611 (a,
630 3547 675 3611 19).
