2508 3972
217 215 284 280 254
541 231 599 268 sun
616 231 709 268 uem.
727 213 775 268 IV.
795 219 854 268 est.

217 365 307 421 statim
323 371 407 438 petat,
423 373 565 437 antequam
578 379 610 420 ex
625 364 684 419 iure
699 371 785 428 exeat,
800 363 894 433 idest,
909 372 1050 437 antequam
1066 379 1081 418 a
1097 380 1182 437 prae·

218 459 279 506 tore
300 448 436 516 discedat3
464 464 527 504 sero
555 449 626 504 enim
647 445 801 520 petentibus
821 464 876 503 non
898 446 1064 521 indulgetur.
1112 443 1183 504 186.

216 533 313 607 ltaque
337 534 359 588 si
379 532 509 588 arbitrum
530 547 585 588 non
605 533 725 605 petierit,
747 531 795 588 sed
818 533 915 588 tacitus
937 532 970 589 de
990 533 1049 588 iure
1070 533 1184 601 exierit,

217 635 278 674 eum
294 617 415 691 periculo
434 633 479 673 res
499 617 532 674 ad
553 617 654 673 exitum
674 616 846 690 perducitur:
868 632 929 672 num
952 624 1028 672 actor
1046 625 1186 691 prouocat

217 702 401 758 aduersarium
416 701 580 776 sponsione,
601 705 740 757 utcontra
761 699 880 758 edietum
901 702 1034 774 praetoris
1056 717 1115 756 non
1138 716 1187 755 ex·

217 786 335 842 hlhuerit
351 794 467 842 autnon
483 786 653 854 restituerit;
674 784 720 840 ille
739 792 829 841 autern
851 784 983 841 aduersus
1001 785 1187 858 sponsionem

218 869 364 926 aduersarii
385 869 579 944 restipulatur;
602 868 699 924 tende
720 878 797 925 actor
817 867 925 942 quidem
945 870 1104 944 sponsionis
1127 868 1187 924 lor-

217 955 316 1010 mulam
333 954 388 1010 edit
403 955 568 1024 aduersario,
586 953 632 1008 ille
653 953 717 1009 huia
738 954 855 1010 inuicem
875 953 1108 1028 restipulationis:
1136 951 1187 1010 sed
1230 987 1231 994 κ

217 1046 293 1094 actor
309 1039 465 1111 sponsionis
480 1037 623 1094 formidas
637 1037 737 1094 subicit
752 1045 780 1093 et
801 1037 877 1093 aliud
894 1037 1021 1093 iudicium
1037 1036 1071 1092 tle
1087 1052 1122 1094 re
1139 1053 1185 1092 re·
1196 1065 1231 1114 [sn

217 1122 354 1178 stituenda
369 1121 413 1178 uel
429 1119 593 1192 exhibenda,
615 1127 646 1176 ut
666 1123 689 1176 sl
709 1123 857 1195 sponsione
881 1123 993 1194 uicerit,
1013 1122 1064 1178 nisi
1088 1122 1115 1178 ei
1139 1139 1187 1178 res

147 1210 208 1259 242.
220 1205 378 1264 exhihentur
392 1215 438 1261 aut
453 1198 639 1282 restituatur,l
654 1199 658 1283 Ι
979 1237 1180 1246 ----

159 1279 175 1316 t.
186 1287 204 1319 Ι.

146 1335 207 1382 243.

158 1404 177 1442 b.
188 1411 205 1442 Ι.

213 1553 287 1614 plius
300 1550 338 1600 ibi
350 1553 477 1614 seriptum
492 1552 577 1614 fuisse
594 1554 677 1602 uisum
693 1553 737 1612 sit,
755 1554 848 1603 amisit.
882 1552 970 1616 Ipsum
985 1558 1138 1615 praetorem
1159 1555 1187 1601 in

218 1621 358 1672 interdicto
376 1622 480 1672 reddito
497 1623 566 1672 baua
584 1623 786 1676 obseruationem
804 1625 841 1682 ei,
860 1625 963 1687 quinum
981 1622 1124 1688 apebatur,
1145 1626 1187 1673 iu-

218 1694 345 1754 iuuaeisse‚
360 1693 452 1742 docent
468 1693 550 1744 Probi
563 1701 639 1744 notae
652 1693 780 1744 Einsidel.
800 1709 883 1758 supra
897 1705 944 1745 444.
998 1691 1017 1759 ¹)
1032 1693 1065 1742 In
1074 1710 1105 1758 p.
1122 1705 1184 1753 444..

218 1764 245 1812 im
265 1779 316 1828 qua
334 1765 437 1812 omnino
457 1763 524 1812 nibil
545 1772 616 1815 certo
631 1767 683 1830 ispi
691 1767 791 1830 potuit,
805 1766 919 1830 primum
937 1764 1002 1814 base
1018 1765 1077 1828 fere
1091 1773 1187 1816 secuta

218 1849 273 1884 esse
282 1835 418 1898 suspicor:
429 1831 572 1898 ‘tantidem
583 1838 675 1900 quanti
683 1837 789 1900 sponsio
796 1835 872 1899 faeta
881 1835 924 1894 sit,
933 1835 1108 1886 aduersarius
1121 1853 1186 1886 eon-

217 1905 366 1954 demnetur:
387 1905 457 1968 quad
479 1905 605 1955 iudicium
622 1909 771 1970 appellatur
789 1908 957 1964 secularium,
982 1907 1044 1970 quia
1062 1909 1186 1971 sequitur

217 1975 367 2038 sponsionis
380 1977 518 2025 uictoriam
533 1975 578 2042 (ef.
595 1979 618 2038 ἓ.
630 1989 668 2029 lso
675 1976 741 2043 fin).
770 1977 882 2040 Sponsio
898 1991 961 2026 uero
975 1983 1001 2027 et
1013 1978 1185 2040 restipulatio

219 2047 286 2094 tanti
297 2047 340 2106 fit,
359 2047 450 2109 quanti
468 2053 543 2096 astar
561 2063 616 2096 eam
635 2063 686 2098 nou
705 2049 849 2098 calumniae
868 2062 949 2098 causa
960 2049 1022 2111 fieri
1040 2049 1185 2098 iurauerit.

219 2113 271 2181 (Os.
285 2114 317 2162 L.
334 2127 353 2166 t.
368 2117 393 2177 §-
407 2127 428 2166 4.
444 2115 476 2164 D.
488 2118 557 2181 quod
571 2119 596 2166 ui
610 2126 655 2168 aut
670 2121 701 2168 el.
711 2131 747 2178 44,
762 2131 795 2170 44.
811 2118 890 2168 uerba
906 2115 1004 2182 ‘simpli
1017 2120 1087 2168 litem
1101 2121 1185 2168 oesti-

218 2182 370 2252 mandam’.)
394 2185 489 2236 Postea
503 2188 597 2248 iudex,
615 2190 688 2252 apud
706 2205 778 2254 quem
796 2191 828 2238 de
847 2204 879 2238 ea
897 2203 926 2238 re
941 2191 1039 2254 agitur,
1057 2192 1185 2253 requirit,

218 2272 252 2306 au
258 2271 324 2308 reus
333 2264 426 2307 eontra
433 2258 544 2308 edietum
550 2261 686 2322 praetoris
693 2275 744 2310 non
752 2261 897 2310 restituerit
903 2267 950 2310 aut
957 2275 1008 2310 non
1015 2260 1185 2316 adbibuerit·

219 2335 244 2378 et
263 2329 288 2378 si
307 2328 447 2377 seeundum
468 2335 582 2380 actorem
603 2331 747 2380 iudicatum
767 2333 831 2389 erit,
856 2331 1039 2380 aduersarium
1058 2323 1184 2380 summarii

218 2400 366 2462 sponsionis
381 2406 405 2448 et
418 2401 443 2448 si
457 2415 508 2449 non
522 2403 668 2450 restituerit
682 2404 723 2450 uel
733 2417 784 2452 noa
793 2401 949 2460 exhibuerit,
963 2403 1040 2451 etiam
1049 2405 1185 2452 senatorio

219 2469 319 2518 iudicio
333 2470 497 2528 condemnat,
516 2479 630 2522 autorem
644 2488 708 2522 uero
722 2473 929 2536 restipulationis
942 2471 1068 2528 absoluit;
1089 2473 1186 2536 quodsi

218 2540 359 2590 seeundum
373 2555 444 2590 reum
459 2541 631 2601 iudicauerit,
649 2543 718 2592 buna
738 2545 886 2607 sponsionis
904 2550 930 2592 et
941 2544 1068 2592 secutorii
1086 2543 1185 2592 iudicii

219 2609 340 2668 absoluit,
362 2619 476 2662 actorem
490 2627 553 2662 uero
567 2614 775 2677 restipulationis
788 2614 948 2664 cormunt.
964 2640 997 2650 -
1011 2613 1084 2663 Hine
1100 2612 1184 2662 Gaius

221 2681 257 2730 ad
266 2679 445 2744 prohibitoria
459 2683 600 2733 interdieta
610 2686 748 2734 transitum
758 2685 860 2734 uidetur
867 2685 972 2748 secisse,
986 2685 1025 2734 ita
1035 2691 1063 2733 ut
1067 2683 1184 2747 primum

220 2752 253 2801 de
268 2750 428 2816 simplicibus
438 2761 536 2818 speret,
551 2755 645 2803 deiude
654 2755 687 2804 de
697 2755 853 2819 duplicibus,
863 2755 899 2804 ad
907 2770 972 2819 puae
981 2761 1107 2818 spectant,
1117 2771 1186 2818 quae

221 2824 284 2885 inp.
295 2833 343 2873 444.
358 2829 515 2874 mactantur.
534 2823 696 2876 Aeeuratius
704 2841 765 2876 uero
776 2826 839 2890 quid
847 2827 909 2889 inp.
920 2837 968 2878 444.
983 2832 1008 2875 et
1018 2837 1065 2876 444.
1084 2825 1184 2874 dietum

217 2893 310 2956 suerit,
324 2893 406 2944 ἀοπεο
413 2894 573 2964 fortioribus
582 2897 705 2946 remediis
714 2895 839 2946 adhibitis
848 2898 927 2960 plura
936 2898 1022 2962 tepere
1032 2897 1182 2960 eontiperit,

218 2978 251 3012 ne
261 2963 411 3014 coniectura
421 2965 522 3028 quidem
531 2967 697 3030 aliquatenus
706 2967 841 3031 probabili
850 2967 1060 3030 definiri-potest,
1068 2968 1181 3016 mamime
1208 2977 1212 2986 ·

218 3151 241 3211 ξ.
252 3161 272 3200 4.
288 3149 320 3199 D.
337 3150 405 3213 quod
419 3151 467 3215 lep.
483 3148 527 3216 (44,
542 3148 573 3216 4).
593 3151 626 3202 L.
640 3163 661 3203 4.
676 3153 698 3214 ξ.
715 3164 748 3202 11.
768 3151 801 3200 D.
816 3151 848 3201 de
862 3150 913 3202 tab.
928 3151 987 3202 ext.
1003 3149 1048 3217 (44,
1062 3149 1094 3218 t).
1110 3145 1142 3199 L.
1158 3163 1179 3201 4.

219 3221 242 3281 ἓ.
257 3221 292 3270 44.
312 3219 344 3268 D.
360 3236 391 3270 ne
411 3221 474 3284 quid
487 3223 514 3270 in
529 3223 586 3272 loeo
598 3239 626 3286 p.
642 3221 691 3287 (44,
706 3221 736 3288 4).
756 3221 789 3274 L.
804 3235 824 3272 1.
844 3223 867 3284 §-
882 3235 916 3273 41.
937 3221 968 3270 L.
979 3235 1000 3274 6.
1016 3232 1049 3273 15.
1064 3221 1096 3270 D.
1107 3223 1139 3270 de
1153 3225 1180 3270 ui

218 3289 263 3354 (44,
278 3288 322 3356 rs).
337 3290 370 3339 L.
381 3301 414 3342 1⁶.
429 3293 468 3354 44.
485 3303 567 3343 r-1s.
582 3293 615 3342 L.
625 3305 659 3344 rs.
675 3295 698 3355 §-
708 3304 729 3343 4.
745 3293 777 3342 D.
792 3293 862 3357 quod
874 3295 901 3342 ut
915 3290 960 3358 (us,
975 3291 1019 3359 sa).
1035 3293 1067 3342 L.
1082 3304 1103 3342 s.
1118 3294 1141 3354 5.
1156 3305 1178 3342 a.

218 3360 250 3409 D.
273 3361 305 3410 de
314 3375 422 3424 precor.
437 3361 482 3428 (44,
496 3361 542 3429 44).
556 3363 588 3412 L.
603 3375 638 3416 44.
659 3364 692 3415 D.
707 3365 740 3414 de
754 3365 795 3414 rei
808 3364 878 3412 vind.
893 3362 930 3429 (s,
944 3361 975 3429 1).
990 3363 1035 3412 eal.
1050 3359 1177 3432 iudicium]

219 3431 254 3492 es.
270 3431 310 3491 44.
325 3441 372 3481 irs.
387 3444 434 3482 ist.
455 3427 561 3483 ‘Gaius'
573 3451 601 3497 p.
617 3447 722 3499 so1seq.
782 3430 808 3502 §-
824 3435 883 3485 165.
905 3434 944 3497 Cf.
959 3435 982 3496 5.
998 3445 1044 3486 su.
1062 3433 1114 3484 Cic.
1124 3447 1178 3496 pro

221 3499 294 3549 Gaea.
309 3512 329 3552 s.
344 3512 378 3551 st.
394 3513 428 3551 sn.
443 3518 496 3565 pro
519 3503 681 3556 14144444.
702 3505 738 3554 ad
752 3505 803 3556 dis.
819 3516 839 3564 r,
853 3515 888 3555 21.
911 3503 1016 3564 Quintil.
1031 3504 1054 3556 I.
1072 3503 1099 3553 0.
1115 3515 1139 3561 r,
1153 3513 1175 3552 s.

219 3569 242 3629 §-
257 3581 278 3620 4.
298 3569 358 3618 Lex
371 3569 453 3622 Rubr.
467 3588 489 3621 e.
505 3585 538 3623 44.
