2464 3978
386 204 445 240 ann
463 203 556 240 rrrsrm.
577 187 611 241 ΙΙ.
631 192 745 242 65-70.
1002 187 1044 252 89

147 330 198 392 65.
220 331 293 408 Ergo
310 351 341 390 ex
356 335 408 406 his,
425 351 494 408 quae
508 335 640 406 diximus,
647 335 769 408 adparet,
784 336 913 408 quaedam
929 337 1046 394 naturali

72 420 140 474 iure
155 417 276 489 alienari,
293 419 380 492 qualia
396 427 460 474 sunt
475 435 516 490 ea,
531 435 600 491 quae
615 419 761 476 traditione
775 419 941 489 alienantur,
964 437 1045 494 quae·
1092 418 1095 424 ’

39 568 42 573 .
73 503 141 558 dam
157 503 246 576 ciuili3
264 519 325 558 nam
339 505 543 577 mancipationis
559 511 588 560 et
601 505 630 559 iu
645 505 704 560 iure
718 505 849 560 cessionis
860 511 889 560 et
900 506 1044 578 usucapio·

73 589 120 642 nis
136 588 180 642 ius
195 588 336 660 proprium
350 595 393 644 est
408 589 508 648 ciuium
522 588 714 644 Romanorum.

2 662 63 712 3¹⁶⁰]
145 665 197 728 66.
220 670 275 726 ileo
298 679 386 728 tamen
407 688 437 727 ea
454 679 576 740 mutum,
598 689 671 744 quae
692 673 837 728 traditione
857 680 950 728 nostra
964 671 1043 743 liunt,

74 755 199 810 naturali
213 755 412 812 uobis'ratione
427 755 616 828 adquiruntur,
633 756 681 812 sed
697 759 775 812 etiam
791 750 872 814 eum¹
887 757 1043 830 occupando

73 838 141 894 ideo
157 838 212 895 'res
228 833 467 912 adquisierimus,²
483 841 549 913 quia
559 849 639 896 antea
649 833 750 896 nullius
763 833 864 913 essent,
881 841 969 914 qualia
980 850 1045 896 sunt

75 925 181 995 omnia,
198 940 269 996 quae
284 920 374 996 terra,
385 917 478 990 mari,³
493 925 572 980 coelo
589 927 740 998 capiuntur.
784 921 831 982 67.
855 925 948 998 ltaque
964 926 986 980 si
999 925 1044 997 se·

74 1023 136 1063 ram
152 1008 266 1064 bestiam
282 1017 329 1066 ant
339 1009 479 1064 uolucrem
492 1017 538 1064 aut
549 1010 651 1082 piscem
666 1008 843 1088 ’ceperimus
859 1011 1044 1081 simulatque

74 1099 189 1165 captum
201 1091 296 1163 fuerat
309 1094 364 1150 boc
379 1096 495 1164 animal,
513 1097 517 1160 Ι
534 1088 650 1150 statim4
664 1101 793 1151 nostram
806 1098 855 1167 fit,
878 1101 905 1150 el
919 1110 1043 1166 eoasque

74 1185 207 1232 nostrum
222 1192 283 1232 esse
298 1173 478 1251 intellegitur,
498 1173 503 1252 Ι
522 1177 609 1234 donec
620 1185 715 1234 nostra
728 1179 849 1234 custodia
864 1187 1039 1252 coerceatur3
1053 1189 1094 1238 70.

74 1276 139 1316 cum
162 1275 231 1316 uero
251 1261 402 1318 custodiam
423 1270 543 1318 nostram
563 1265 681 1318 euaserit
701 1271 730 1318 et
749 1266 776 1318 in
797 1263 947 1318 naturalem
961 1261 1043 1318 liber·

74 1351 163 1400 tatem
179 1360 210 1400 se
225 1331 379 1419 receperit,
405 1361 501 1401 rursus
522 1347 679 1419 occupantis
695 1344 739 1416 m,
765 1349 826 1419 quia
841 1356 968 1402 nostrum
983 1362 1044 1402 esse

74 1422 229 1486 'desiuit:⁵
249 1429 398 1486 naturalem
420 1439 509 1486 autem
532 1429 684 1486 libertatem
703 1433 826 1504 recipere
840 1431 960 1502 uidetur,
982 1447 1043 1486 cum

75 1521 126 1569 aut
141 1512 238 1570 oculos
253 1521 365 1570 nostros
381 1515 510 1585 suaserit,
525 1522 572 1570 aut
586 1513 651 1570 licet
664 1517 693 1572 in
708 1523 857 1588 conspectu
879 1516 914 1572 sit
934 1523 1042 1586 nostro,

74 1595 198 1653 difficilis
221 1600 355 1654 tamenin
377 1615 407 1654 re
428 1599 485 1654 eins
505 1592 681 1670 persecutio⁶
700 1601 745 1654 sit.
788 1595 837 1655 68.
860 1599 891 1654 ln
905 1602 938 1655 iis
953 1607 1042 1654 autem

17 1685 28 1696 ”
75 1681 249 1752 animalibus,
265 1699 336 1754 quae
351 1698 384 1737 ex
399 1682 596 1738 consuetudine
608 1681 681 1738 abire
696 1692 724 1738 et
739 1684 940 1754 rediresolent,
956 1683 1042 1740 ueluti

74 1764 213 1822 columbis
223 1774 252 1822 et
263 1765 367 1840 apibus,
379 1768 444 1822 item
455 1767 555 1837 cernis,
565 1769 613 1839 qui
625 1765 653 1821 in
664 1765 748 1822 siluas
759 1769 799 1822 ire
808 1766 1042 1837 etrediresolent,

75 1849 162 1906 talem
181 1849 311 1906 babemus
331 1850 454 1924 regulam
477 1849 615 1920 traditam,
642 1858 673 1904 ut
693 1851 716 1904 si
742 1851 898 1906 reuerteudi
924 1851 1041 1906 animum

76 1933 180 1990 babere
194 1933 337 2005 desierint,
358 1936 438 1990 etiam
457 1943 550 1991 nostra
567 1950 627 1990 esse
642 1935 767 1990 desinant
785 1945 814 1990 et
828 1933 894 1990 liant
909 1951 1042 2008 occupan-

76 2020 164 2074 tium:
193 2019 349 2074 reuertendi
376 2028 466 2075 autem
496 2019 614 2074 animum
636 2017 765 2074 uidentur
786 2019 910 2076 desinere
932 2019 1040 2089 babere,

75 2119 141 2158 cum
164 2102 322 2159 reuertendi
336 2103 562 2178 consuetudinem
577 2103 758 2162 deseruerint.
797 2099 846 2161 69.
870 2101 905 2158 Ea
920 2120 1040 2177 quoque,

77 2203 150 2260 quae
164 2203 198 2242 ex
213 2185 337 2242 hostibus
353 2189 504 2262 capiuntur,
520 2187 754 2249 naturaliratione
770 2197 863 2244 nostra
878 2187 956 2244 liunt.
1034 2186 1035 2189 ’

143 2266 192 2326 70.
215 2270 269 2327 Sed
285 2281 312 2327 et
327 2271 365 2343 id,
381 2271 454 2346 quod
470 2287 520 2345 per
535 2271 698 2327 alluuiouem
715 2272 793 2328 nobis
806 2272 929 2333 adicitur.
946 2271 1040 2348 eodem

77 2356 140 2410 iure
156 2363 281 2412 nostrum
297 2356 340 2411 lit:
357 2373 406 2430 per
420 2356 584 2412 alluuiouem
601 2365 690 2412 autem
705 2357 735 2412 id
749 2356 858 2412 uidetur
871 2355 951 2425 adici,
967 2355 1050 2428 quod,

76 2471 295 2482 -ι--οι--ι-

155 2522 176 2591 1)
191 2533 206 2573 t't
220 2523 313 2575 Sched.
328 2524 428 2574 Blaltm.
441 2525 526 2588 faerit
539 2533 577 2573 cti.
630 2520 651 2590 ²)
667 2524 732 2582 Fere
748 2539 783 2572 eae
798 2524 825 2572 V
825 2520 846 2556 ’ἵ
859 2522 924 2590 q(nr‘)
939 2531 967 2572 at
977 2532 1041 2586 puto

77 2603 177 2646 notato.
244 2591 265 2662 8)
280 2611 326 2660 que
341 2596 416 2646 addit
435 2596 463 2644 V
463 2591 484 2626 at
494 2597 605 2658 pallidis
619 2597 722 2653 litteris,
738 2602 765 2643 at
779 2597 832 2660 lepi
842 2597 927 2658 possit
941 2609 1040 2658 quaeue.

77 2663 100 2733 ⁴)
116 2665 164 2714 Eae
184 2667 210 2714 V
211 2663 232 2698 'i
241 2669 359 2730 priorem
373 2668 560 2716 restitutionem
569 2667 662 2729 paullo
677 2667 819 2724 immolavi,
830 2673 967 2730 postquam
981 2681 1041 2715 eon-

77 2739 154 2796 stitit,
166 2739 279 2800 primam
293 2739 405 2786 litteram
420 2739 504 2786 ultimi
517 2753 540 2785 a.
556 2751 644 2786 esses.
711 2733 731 2803 ⁵)
746 2736 834 2785 desiuit
850 2735 875 2785 0.
891 2737 949 2786 edd.
965 2739 1041 2786 etiam

76 2823 136 2857 mea
150 2821 170 2858 1.
219 2803 240 2874 θ)
255 2809 291 2856 rel
304 2809 414 2872 psecutio
431 2808 456 2857 C.
472 2805 541 2856 inlrei
556 2806 619 2873 (pro
634 2805 694 2873 ree')
709 2807 845 2870 persecutio
865 2807 892 2856 V
893 2804 920 2856 ¹¹.
936 2809 972 2857 rei
986 2823 1041 2871 per-

77 2879 172 2927 secutio
187 2879 253 2938 edd,
269 2878 313 2928 abi
325 2880 362 2927 rei
376 2886 415 2928 eet
428 2878 605 2938 intolerabile,
625 2879 692 2928 ande
706 2879 745 2927 ed.
761 2890 782 2929 a.
797 2893 832 2928 ecc
846 2879 910 2928 Inst.
929 2881 1041 2942 scripse·

77 2965 137 2999 ram
152 2950 203 2998 eius
218 2948 254 3015 (et
267 2951 306 2998 sic
320 2951 359 2998 ed.
374 2948 467 3016 stud).
501 2949 554 2998 Sed
570 2949 651 2999 Gaias
668 2949 717 3000 boc
736 2950 813 3009 dicit,
835 2951 968 3013 difficilem
986 2965 1041 2999 esse

78 3027 201 3084 oportere
211 3023 418 3085 persecutionem
437 3036 487 3070 aon
502 3021 698 3079 nobistantum,
717 3021 763 3070 aed
777 3023 804 3069 ln
823 3023 881 3084 ipsa
895 3037 932 3070 re.
948 3022 982 3084 cs.
998 3037 1040 3070 ex.

75 3107 119 3156 pr.
134 3091 167 3139 L.
183 3104 203 3142 t.
218 3093 241 3152 §-
257 3104 277 3141 1.
293 3091 324 3139 D.
340 3092 372 3140 de
385 3099 485 3154 emcept.
501 3090 590 3158 (14.1).

151 3254 231 3326 §.db
253 3259 291 3322 Cf.
302 3261 325 3320 §.
337 3272 370 3309 11.
387 3259 408 3307 I.
424 3260 456 3308 de
470 3275 523 3309 rer.
539 3260 590 3308 dia.
605 3258 636 3324 (2,
652 3258 682 3325 1).
697 3259 729 3308 L.
744 3272 756 3310 1
767 3275 811 3322 pr.
826 3259 858 3308 D.
874 3261 906 3308 de
916 3275 972 3324 aeq.
987 3275 1039 3308 rer.

77 3329 145 3380 dom.
162 3328 206 3396 (tl,
222 3329 253 3396 1).
271 3330 324 3379 Cic.
340 3332 371 3386 de
386 3330 455 3394 offic.
471 3342 540 3390 1,12.
592 3326 636 3398 ἐξ.
649 3331 761 3382 tau—68.
779 3330 817 3392 Cf.
833 3330 864 3380 L.
881 3345 900 3380 1.
916 3333 938 3392 ἕ.
950 3344 969 3380 1.
985 3330 1040 3380 La

72 3416 119 3463 pr.
134 3403 158 3463 ς.
174 3413 195 3452 2.
214 3402 247 3453 L.
262 3412 283 3452 5.
299 3416 343 3464 pr.
358 3405 381 3464 §-
397 3411 417 3452 5.
433 3402 465 3449 Ι).
481 3403 513 3450 de
528 3417 583 3465 aeq.
600 3417 653 3450 rer.
668 3402 734 3450 dom.
750 3399 794 3466 (41,
810 3399 840 3466 1).
865 3401 1039 3462 §§.1a.15.I.

77 3473 110 3521 de
125 3487 180 3522 rer.
196 3473 247 3521 dia.
263 3471 337 3538 (2.1).
393 3469 418 3540 §-
435 3475 477 3523 69.
499 3473 536 3536 Cf.
552 3473 584 3521 L.
599 3483 620 3522 5.
635 3474 689 3533 §.a
710 3471 1039 3533 D.ead.§.1t.l.tit.eit.

75 3538 102 3609 §-
121 3546 164 3594 to.
185 3543 223 3606 Cf.
239 3543 271 3592 L.
288 3553 308 3592 r.
324 3546 346 3604 5.
362 3557 382 3594 1.
398 3544 430 3591 1).
446 3545 483 3592 att.
500 3545 543 3592 cit.
560 3545 581 3604 ς.
597 3555 630 3593 ao.
647 3543 668 3590 I.
684 3544 722 3591 tit.
738 3545 781 3592 aa.
