2496 3984
1091 11 1181 89 ἵ

181 179 225 244 82
482 195 540 233 utu
558 197 651 234 rusum.
672 181 705 233 II.
725 186 839 234 tt—et.

181 325 229 386 et.
252 330 412 385 Praeterea
434 330 489 386 icoc
510 320 594 385 ioco¹
617 327 790 392 edmotncndi
812 345 921 400 sumus,
943 329 1039 386 'etiam
1064 329 1154 386 dum·

180 420 267 469 cacat
282 414 382 470 italici
396 416 450 470 soii
463 405 590 470 nemum²
608 416 612 481 Ι
629 429 700 483 esse,
715 411 890 487 prouincialis
904 413 958 470 soli
974 431 1072 469 nerum
1086 431 1154 470 non

179 497 266 568 ’essm
281 516 348 553 nam
363 501 469 569 recipit
483 490 599 554 nexus²
616 506 620 560 t
638 495 862 572 significationem
877 497 968 554 solum
988 514 1044 554 nen
1065 497 1155 554 aliter

179 581 275 656 ’quem
290 574 334 637 ei²
345 583 460 655 mancipi
472 575 561 650 ’eet²;
577 589 608 638 ct
619 581 786 655 prouinciale
797 597 848 638 nec
859 582 973 655 mancipi
985 589 1036 642 est.
1064 582 1156 638 aliter

180 668 250 722 enirn
266 667 352 722 ueteri
369 666 463 740 lingua
477 666 500 721 'a
518 669 522 731 Ι
541 695 576 706 -
597 664 692 706 -'-
709 659 761 721 ³de
776 663 864 723 rebus
879 667 1050 740 mancipatio.
1069 675 1074 728 Ι

171 789 175 794 -
243 748 292 809 28.
327 750 514 822 incorporales
541 743 618 828 (res)
646 750 816 806 traditionem
839 766 894 806 non
915 752 1038 824 recipere
1060 753 1153 816 mani·

179 834 279 890 festum
291 842 341 890 est.
368 830 419 891 29.
440 833 493 890 Sed
508 836 567 891 iura
583 834 753 908 praediorum
769 833 935 890 urbanorum
951 836 978 890 in
994 836 1054 890 iure
1066 831 1153 910 (ταπ-

180 911 252 996 tum)
267 919 324 974 cedi
337 925 468 992 possunt3
486 920 650 975 rusticorum
669 934 736 973 uero
752 917 831 974 etiam
847 917 994 992 mancipari
1014 929 1151 992 possunt.

178 999 230 1060 30.
254 1002 430 1058 Ususfructus
446 1003 472 1058 in
488 1003 547 1058 iure
561 1003 712 1058 cessionem
729 1010 832 1058 tantum
848 1002 961 1076 recipit:
977 1019 1039 1059 uam
1055 1004 1150 1060 domi·

180 1104 231 1143 nus
248 1087 422 1160 proprietatis
437 1086 485 1141 alii
499 1086 698 1142 usumfructum
713 1087 741 1141 in
756 1087 814 1142 iure
826 1086 922 1142 cedere
933 1093 1037 1160 potest,
1055 1096 1086 1143 ut
1098 1088 1150 1144 ille

179 1170 378 1227 usumfructum
402 1169 497 1226 lrabeat
520 1179 548 1226 et
576 1172 633 1244 ipse
655 1169 753 1226 nudam
782 1170 977 1244 proprietatem
1006 1177 1148 1228 retineat.

177 1257 237 1330 ipse
252 1254 471 1310 usufructuarius
486 1256 513 1310 in
528 1255 587 1311 iure
602 1253 722 1311 cedendo
739 1254 848 1310 domino
860 1257 1039 1328 proprietatis
1053 1273 1149 1313 usum·

179 1341 298 1397 fructum
314 1340 419 1413 efficit,
439 1347 470 1394 ut
484 1356 498 1394 a
515 1355 544 1395 se
559 1330 681 1396 discedat
696 1347 723 1394 et
744 1345 920 1396 conuertatur
941 1340 968 1394 in
988 1343 1148 1414 proprieta-

178 1433 250 1492 tem3
272 1423 319 1478 alii
333 1441 399 1480 uero
414 1425 442 1478 in
457 1425 515 1478 iure
531 1423 652 1479 cedendo
668 1422 844 1478 nihilominus
867 1424 909 1478 ius
930 1439 1011 1480 suum
1028 1426 1147 1481 retinet:

179 1507 302 1564 creditur
317 1509 388 1562 enim
404 1523 434 1562 ea
449 1509 572 1563 cessione
587 1507 655 1562 nihil
676 1508 729 1580 agi.
774 1502 814 1564 31.
839 1506 891 1562 Sed
915 1509 981 1563 haec
995 1508 1103 1566 scilicet
1120 1510 1147 1564 in

179 1591 276 1647 italicis
292 1591 408 1665 praediis
422 1591 459 1646 ita
475 1599 554 1663 sunt,
576 1591 637 1663 quia
653 1591 752 1664 etipsa
768 1591 881 1664 praedia
890 1593 1122 1666 mancipationem
1141 1587 1145 1668 l
1160 1603 1221 1650 [15⁴]

126 1679 168 1728 62·
181 1684 209 1732 et
233 1677 261 1732 in
286 1676 344 1731 iure
370 1676 521 1732 cessionem
547 1675 691 1748 recipiunt.
735 1674 855 1749 alioquin
879 1677 907 1731 in
928 1676 1146 1749 prouincialibus

178 1760 295 1834 praediis
310 1761 369 1816 siue
386 1763 446 1833 quis
462 1757 661 1816 usumfructum
672 1760 730 1814 siue
741 1760 784 1816 ius
796 1759 886 1832 eundi,
899 1761 996 1833 agendi
1009 1777 1145 1834 aquamue

180 1844 295 1900 ducendi
312 1845 356 1900 uel
371 1844 452 1900 altius
469 1843 581 1899 tollendi
592 1843 671 1898 aedes
683 1851 729 1898 ant
740 1860 795 1899 non
809 1842 931 1920 tollendi,
947 1861 981 1900 ne
992 1845 1144 1902 luminibus
1246 1845 1247 1852 ’

179 1929 262 1984 uicini
278 1926 423 1999 officiatur,
436 1935 579 2000 ceteraque
592 1925 686 1983 similia
698 1928 756 1982 iura
768 1929 935 1984 constituere
948 1927 1026 2001 uelit,
1038 1930 1144 2002 pactio·

178 2011 257 2067 nibus
273 2021 301 2066 et
321 2010 541 2084 stipulationibus
563 2011 588 2066 id
612 2007 719 2068 efficere
734 2019 843 2084 potest;
865 2013 928 2085 quia
951 2028 985 2068 ne
1000 2014 1060 2087 ipsa
1083 2016 1144 2088 qui·

177 2127 391 2139 --,--.--

178 2196 229 2231 non
239 2181 333 2244 pectit,
343 2193 392 2242 quo
405 2180 432 2226 in
443 2193 548 2227 numero
559 2179 673 2241 praedia
684 2195 738 2229 esse
747 2183 854 2239 soleant,
865 2183 947 2230 iustus
956 2183 1077 2232 dominus
1085 2185 1144 2232 eice
1244 2205 1245 2212 ¹

177 2253 218 2300 rei
232 2251 371 2315 efficietur.
398 2245 441 2298 ‘Ire
453 2250 602 2312 provinciis
615 2265 678 2300 uero
689 2266 739 2301 non
755 2253 829 2301 modo
836 2253 962 2316 praedium
973 2251 1080 2302 nultum’
1092 2261 1139 2304 etc.

181 2319 201 2388 ¹)
216 2322 260 2372 Ac
272 2336 374 2371 aeneum
387 2322 498 2370 restitui.
529 2319 562 2368 Iu
576 2321 633 2369 edd.
649 2328 746 2370 tantum
760 2330 798 2371 est
811 2323 935 2386 praedium
950 2330 975 2372 ct
984 2331 1079 2386 postea
1094 2325 1139 2374 ulla
1243 2385 1244 2388 Ἴ

177 2393 261 2442 libere.
332 2387 446 2458 ¹)Hccc
465 2393 550 2441 omnia
571 2390 662 2441 (idacii.
688 2395 863 2456 supplementa
881 2395 918 2442 aci
934 2409 1036 2443 censum
1058 2397 1141 2460 mapie

174 2459 252 2526 'quam
266 2463 302 2511 cd
316 2462 418 2511 uerbum
432 2469 505 2512 certa
519 2478 536 2511 a
550 2477 587 2511 me
602 2464 629 2511 in
644 2469 791 2514 contemtum
804 2472 865 2513 aunt
877 2472 994 2528 recepta,
1010 2466 1058 2514 sed
1071 2483 1139 2516 nunc

177 2549 212 2584 ecc
231 2534 258 2583 V
259 2529 280 2565 at
289 2535 382 2597 paullo
397 2535 542 2590 immutata;
554 2548 608 2596 pro
622 2548 695 2582 nexus
711 2535 787 2582 etiam
801 2535 883 2584 scribi
892 2542 980 2598 potest
993 2536 1046 2584 eius
1062 2537 1137 2586 uocis.
1242 2581 1243 2592 2

178 2601 199 2671 ³)
220 2604 347 2668 Suspicor
366 2606 393 2654 ira
414 2605 439 2653 θ.
457 2606 556 2668 fuisse:
574 2604 716 2670 t(uc)ttoris
739 2606 821 2654 euicta
842 2620 869 2654 re
885 2599 1077 2672 13(rcc)stnt(io)
1100 2609 1139 2658 sic

177 2674 249 2741 nfon)
264 2673 384 2740 dicit(ur)
399 2691 438 2724 cc.

248 2829 274 2902 ξ.
290 2835 332 2884 tt.
354 2833 392 2895 Cf.
405 2833 521 2882 filontio.
537 2835 569 2882 de
583 2840 699 2884 controv.
714 2849 771 2899 αρν.
783 2851 811 2898 p.
822 2846 856 2886 tu.
876 2834 976 2900 Appen.
992 2835 1049 2884 urb.
1062 2853 1091 2900 p.
1102 2848 1135 2889 ct.

176 2903 283 2953 ccccm.
301 2903 353 2953 Cic.
365 2903 648 2966 pacilianensem.
679 2901 762 2954 ‘ittet
775 2920 880 2969 quaero,
896 2907 980 2956 sintne
995 2908 1046 2956 icta
1056 2923 1134 2970 prae·

150 2974 155 2985 '
177 2975 223 3023 dia
238 2975 327 3024 censui
342 2975 485 3024 censendo:
497 2973 609 3024 labeant
623 2977 664 3025 ius
678 2977 767 3025 ciuile:
781 2978 841 3036 tint,
852 2992 931 3027 necne
940 2976 1135 3041 sintmancipi'.

179 3044 261 3095 Notae
281 3045 361 3094 iurid.
376 3044 408 3093 t.
423 3045 447 3094 L
465 3043 493 3104 Q.
508 3067 542 3088 =
557 3046 646 3096 Locus
664 3046 736 3096 Iuris
758 3045 912 3106 Qniritium:
931 3048 962 3096 L.
978 3047 1000 3097 I.
1016 3047 1038 3096 I.
1059 3047 1088 3108 Q.
1103 3071 1135 3094 a

175 3115 264 3166 Locus
279 3115 387 3165 Italicus
405 3115 478 3166 Iuris
499 3115 645 3176 Quiritium.
676 3117 714 3181 Of.
731 3117 854 3167 Zeitscir.
866 3119 889 3181 s.
903 3118 989 3183 pescli.
1005 3118 1078 3167 ifW.
1101 3120 1134 3170 X.
1239 3139 1240 3150 ¹

171 3203 200 3250 p.
216 3197 249 3239 tte.
270 3187 347 3236 solum
362 3186 431 3252 uero]
449 3187 487 3250 Of.
502 3186 600 3238 Sozom.
616 3189 675 3238 itiet.
691 3190 752 3238 eccl.
769 3200 789 3247 t,
804 3201 824 3240 9.
888 3185 914 3257 §-
930 3191 972 3240 28.
999 3189 1037 3253 Of.
1053 3189 1085 3238 t.
1100 3204 1134 3242 ta.

175 3261 198 3320 §-
215 3271 235 3310 1.
254 3258 287 3306 Ι).
302 3273 358 3322 aeq.
373 3274 427 3307 rer.
442 3259 507 3307 dom.
523 3256 568 3324 (tl,
584 3258 614 3324 1).
630 3261 789 3322 eupra§.1e.
826 3255 906 3328 §iil
927 3260 966 3323 Cf.
976 3261 999 3322 ξ.
1010 3271 1043 3310 1‘t.
1058 3261 1091 3308 L.
1101 3274 1133 3313 tte.
1238 3285 1239 3300 π

175 3330 208 3377 Ι).
224 3330 255 3379 de
269 3344 335 3378 serv.
346 3345 390 3392 pr.
406 3329 462 3378 urb.
479 3326 510 3394 (t,
525 3327 556 3395 t).
607 3325 633 3398 §-
648 3333 691 3380 30.
713 3329 751 3393 Os.
768 3330 812 3378 i'r.
833 3329 891 3379 Vct.
906 3341 940 3381 45.
955 3333 1040 3382 cece.
1057 3342 1082 3382 tt
1092 3330 1132 3398 (e).

180 3400 235 3464 tltp.
250 3412 284 3458 rs,
299 3413 332 3450 11.
352 3401 426 3463 infra
440 3403 462 3462 ς.
478 3411 511 3451 ea.
527 3403 550 3461 ὅ.
565 3411 585 3450 e.
604 3399 674 3449 ide
689 3402 773 3463 onufr.
790 3400 821 3465 (e,
835 3399 867 3466 t).
898 3401 973 3451 Paul.
989 3413 1010 3459 o,
1025 3413 1045 3452 c.
1062 3404 1085 3464 ᾗ.
1100 3415 1132 3455 aa.
1237 3455 1238 3464 ¹

175 3466 201 3538 ξ.
216 3473 258 3521 31.
280 3470 318 3534 Os.
329 3473 352 3532 ᾖ.
363 3483 383 3521 1.
398 3462 420 3520 f.
438 3472 470 3520 de
485 3471 569 3533 onufr.
585 3468 658 3536 (3,.4).
673 3472 696 3532 5.
706 3483 728 3520 4.
743 3470 765 3519 Ι.
781 3473 812 3520 de
826 3473 913 3521 seruit.
929 3470 960 3537 (e,
974 3470 1007 3538 t).
1022 3471 1055 3520 L.
1072 3485 1132 3537 tpr.
1237 3465 1238 3480 ¹

175 3541 207 3588 1).
223 3541 255 3589 de
269 3541 353 3603 ueusr.
369 3539 399 3606 (t,
415 3541 445 3606 1)
