2496 3984
187 157 229 227 38
348 185 350 192 ‘
532 173 591 211 ean
608 175 700 212 marm.
719 155 739 210 Ι.
760 161 803 212 45.

187 307 289 362 amieos
305 305 509 377 manumittunt,
525 313 610 362 totam
626 304 751 362 familiam
768 323 843 362 suam
859 297 989 378 liberare,
1006 307 1116 363 scilieet
1131 310 1153 364 si

187 391 240 448 alia
255 405 334 446 eausa
349 405 406 444 nau
421 389 539 464 inpediat
555 389 717 446 libertatem.
753 387 802 448 45.
825 389 878 446 Sed
895 389 969 464 quod
984 391 1019 448 de
1035 409 1153 456 numero

186 489 333 534 seruorum
349 482 512 530 testamento
528 474 803 532 manumittendorum
816 475 940 548 diximus,
956 475 993 532 ita
1006 475 1155 550 intellege·

186 577 257 632 mus,
273 576 307 616 ne
324 575 440 632 unquam
458 576 490 614 ex
505 576 538 616 eo
554 575 678 626 numero,
696 576 727 616 es
743 577 798 633 quo
814 559 922 616 dimidia
945 567 992 616 aut
1008 561 1090 616 tertia
1108 571 1155 617 aut

187 653 282 717 quarta
298 651 344 700 aut
360 643 452 718 quinta
468 659 531 717 pars
547 642 654 700 liberari
669 652 777 716 potest,
798 645 939 718 pauciores
955 648 1156 702 manumittere

186 728 266 784 liceat
286 721 384 801 quam¹
401 745 433 784 ex
449 727 618 785 antecedenti
632 744 747 784 enumero
761 729 847 786 linuit.
877 735 905 786 et
916 729 969 784 hoe
984 729 1044 802 ipsa
1059 724 1156 804 ’Iepe²

187 814 335 884 prouisum
358 821 413 868 est:
436 821 495 868 erat
516 813 587 869 euim
602 829 667 870 sane
681 811 845 886 absurdum,
861 821 892 870 ut
905 831 927 870 x
942 829 1089 870 seruorum
1106 814 1156 870 do-

186 899 260 958 mino
276 897 397 969 quinque
412 895 528 954 liberare
543 896 648 968 liceret,
665 898 726 970 quia
743 897 878 972 usquead
894 896 1030 954 dimidiam
1046 907 1157 972 partem

186 983 244 1036 eius
259 981 365 1036 numeri
387 983 576 1037 manumittere
597 983 621 1036 ei
643 981 824 1054 coneeditur‚·
838 983 953 1039 ulterius
970 975 1086 1040 autem³
1107 1001 1157 1042 x11

187 1081 285 1120 seruos
300 1063 415 1128 habenti
425 1082 480 1122 non
495 1066 588 1138 plures
609 1063 704 1122 liceret
719 1071 907 1124 manumittere
928 1083 1007 1140 quam
1023 1084 1095 1136 11113
1119 1069 1157 1124 'at

136 1149 177 1200 12·
189 1143 254 1221 eis‚4
270 1150 316 1222 qui
335 1149 428 1224 plures
447 1166 526 1224 quam
541 1169 563 1208 x
577 1167 666 1223 neque
683 1143 687 1228 t
704 1151 814 1223 ’plures
834 1167 920 1225 quam
942 1157 1014 1202 xxx
1031 1153 1154 1222 landent,

187 1237 285 1292 eadem
301 1238 415 1292 ratione
431 1239 529 1308 utique
549 1239 634 1292 etiam
649 1240 783 1310 quinque,
807 1243 876 1310 quot
889 1247 912 1287 Χ
924 1237 1045 1292 habenti
1058 1240 1155 1308 licuit,

186 1324 387 1378 manumittere
400 1315 493 1378 lieet.⁵
1245 1319 1246 1336 ³

261 1470 281 1537 ¹)
300 1471 345 1523 Sia
364 1483 433 1522 nune
450 1471 542 1522 asset.
562 1471 673 1522 schedae
692 1473 905 1537 interpretandae
923 1479 990 1522 sunt.
1055 1469 1077 1540 ²)
1098 1469 1156 1523 ‘ra-

188 1541 267 1594 tione’
284 1544 324 1592 ed.
341 1543 431 1593 Poien.
443 1544 559 1607 fortasse
574 1550 644 1592 reete
659 1544 694 1607 ef.
711 1543 786 1594 Paul.
802 1556 824 1602 a,
839 1555 860 1602 1,
876 1556 895 1594 1.
948 1539 1029 1609 ⁸)an
1043 1543 1155 1594 Lasiam.

187 1617 220 1679 ej.
244 1612 324 1680 (Mtte
342 1623 425 1664 tamen
443 1616 480 1673 is,
499 1615 544 1678 qui
561 1628 643 1676 supra
661 1629 715 1664 ooo.
735 1612 897 1681 coneedit(ur)
917 1621 1015 1664 tontum
1034 1615 1112 1664 terius
1132 1624 1157 1664 at

187 1688 305 1749 scripsit,
319 1688 412 1751 iepisse
426 1686 529 1734 uidetur
544 1681 698 1751 coneedit'ui)
715 1681 818 1736 ‘eontra
829 1682 903 1736 uero’
919 1685 959 1734 ed.
969 1684 1018 1750 Bp.
1036 1682 1156 1736 ‘domino

186 1755 261 1808 uero'
277 1758 317 1806 ed.
331 1756 406 1806 Sana.
449 1753 471 1823 ⁴)
486 1758 545 1806 item
559 1757 595 1806 eis
609 1757 650 1806 ed.
664 1755 739 1806 Stud.
755 1756 847 1806 Malim
861 1757 883 1804 ai
893 1771 946 1820 pro
961 1757 1004 1806 eis.
1052 1753 1074 1823 ⁵)
1089 1756 1156 1808 Sen—

186 1830 291 1878 tentiam
306 1830 394 1892 aliquo
409 1829 482 1879 modo
492 1827 605 1892 perfeci.
621 1855 654 1863 -
673 1827 718 1876 Eae
732 1835 786 1878 tota
796 1844 824 1891 p.
840 1839 874 1878 aa.
897 1826 1033 1876 Btultmius
1053 1835 1156 1878 tautum

187 1901 260 1963 isque
270 1915 359 1962 pauca
374 1901 498 1958 euocauit,
513 1901 540 1947 in
555 1910 767 1958 u.12.1s.18.19.,
782 1899 850 1947 unde
864 1913 938 1948 uoces
947 1895 1046 1948 liberari
1062 1896 1095 1963 (a.
1108 1898 1154 1966 18.)

187 1977 212 2019 et
226 1969 343 2019 concedat
357 1967 390 2036 (a.
406 1968 452 2035 19.)
472 1971 499 2017 in
514 1969 571 2018 edd.
591 1977 711 2032 receptae
731 1977 798 2018 sunt.
837 1969 1000 2032 Conferenda
1015 1977 1101 2018 autem
1116 1978 1155 2020 est

187 2041 224 2090 ad
236 2056 276 2098 ea,
291 2055 357 2104 quoe
367 2041 514 2103 perierunt,
532 2039 593 2088 Gaii
607 2039 666 2102 epit.
683 2052 703 2098 1,
718 2052 738 2090 a.
758 2041 799 2102 ἐξ.
814 2052 883 2090 2-4.
914 2037 992 2088 ‘Nam
1010 2041 1036 2088 si
1054 2042 1155 2104 aliquis

187 2115 336 2176 testamento
350 2112 444 2174 plures
462 2111 640 2159 manumittere
659 2113 781 2170 uoluerit,
800 2125 875 2176 quom
894 2117 955 2176 quot
974 2113 1090 2162 sonaret
1105 2129 1154 2160 nu·

187 2196 273 2232 merus
286 2197 369 2246 supra
381 2183 504 2244 scriptus,
518 2181 583 2231 ordo
597 2182 745 2232 seruandus
757 2189 810 2231 est:
823 2183 920 2248 utiltis
933 2187 1032 2231 tantum
1042 2181 1154 2232 libertas

189 2256 285 2316 ualeat,
301 2254 345 2317 qui
355 2254 434 2316 prius
448 2253 598 2301 manumissi
611 2260 678 2315 stant,
693 2268 773 2318 usque
787 2253 823 2302 ad
836 2255 907 2302 ilium
922 2268 1063 2310 numerum,
1079 2269 1154 2317 quem

187 2325 340 2388 explanatio
355 2324 470 2374 eontinet
483 2325 604 2387 superius
618 2325 816 2388 comprehenso:
829 2325 874 2388 qui
888 2339 951 2373 uero
961 2330 1054 2388 postea
1068 2338 1154 2388 supra

188 2397 351 2445 constitutum
365 2409 497 2443 numerum
511 2395 660 2444 manumissi
673 2397 802 2460 lepuntur,
818 2395 845 2442 in
859 2395 984 2443 seruitute
994 2409 1039 2444 eos
1052 2402 1154 2444 emtum

188 2473 226 2515 est
235 2479 398 2530 permanere.
426 2463 523 2525 Quodsi
536 2481 587 2515 non
602 2467 751 2516 nominatim
765 2466 839 2514 serui
852 2467 894 2514 uei
907 2466 1020 2514 ansillae
1035 2467 1062 2514 in
1074 2472 1153 2514 testa-

188 2544 271 2587 mento
286 2539 506 2596 manumittantur,
520 2537 568 2586 sed
580 2537 688 2601 confuse
703 2551 788 2587 omnes
802 2551 894 2586 seruos
907 2551 968 2586 suos
982 2538 1023 2584 uel
1038 2539 1154 2586 ancilias

188 2611 211 2658 is
232 2611 277 2674 qai
297 2615 471 2658 testamentum
489 2609 571 2672 facit,
593 2607 689 2658 liberos
704 2609 796 2672 faeere
816 2609 942 2666 uoluerit,
963 2607 1030 2655 nulli
1044 2609 1154 2672 penitus

185 2682 262 2742 firma
276 2693 331 2729 esse
345 2679 448 2729 iubetur
461 2679 510 2729 noe
524 2679 616 2730 ordine
631 2679 693 2728 data
708 2677 828 2736 libertas,
849 2679 897 2727 sed
914 2692 1000 2727 omnes
1014 2679 1042 2726 in
1056 2680 1154 2727 seruili

189 2751 341 2800 condicione
360 2751 406 2815 qui
423 2750 472 2800 hoe
491 2751 584 2800 ordine
602 2750 753 2798 manumissi
770 2755 842 2806 sunt,
862 2747 1058 2812 permanebunt.
1093 2765 1153 2798 nam

188 2823 238 2870 etsi
255 2822 293 2869 ita
311 2822 338 2869 in
358 2827 506 2871 testamento
525 2835 661 2870 seruorum
678 2821 843 2869 manumissio
858 2819 994 2883 adscripta
1005 2819 1104 2882 suerit,
1125 2821 1155 2868 id

188 2893 267 2941 estin
282 2893 392 2952 circulo,
407 2898 435 2941 ut
444 2894 489 2956 qui
499 2893 586 2954 prior,
602 2893 647 2954 qui
656 2892 790 2954 posterior
799 2891 996 2947 nominatussit,
1007 2904 1058 2940 non
1065 2891 1154 2953 possit

188 2957 311 3028 opnosoi,
332 2965 399 3012 nulli
411 2977 447 3012 em
460 2963 501 3011 iiis
516 2961 658 3011 libertatem
672 2964 761 3011 ualere
776 2962 938 3026 manifestum
948 2967 994 3022 est,
1008 2962 1032 3010 si
1041 2962 1154 3026 opnosei

188 3049 240 3084 uon
250 3039 348 3098 potest,
364 3035 409 3099 qui
417 3035 510 3097 prior,
531 3033 576 3097 qui
585 3033 719 3095 posterior
737 3033 823 3098 fuerit
836 3033 1012 3081 manumissus.
1042 3043 1062 3082 a.
1085 3031 1153 3081 Nam

188 3107 213 3154 si
226 3106 323 3169 aliquis
336 3107 363 3154 in
378 3103 544 3169 aspritudine
558 3105 712 3154 constitutus
721 3105 749 3152 in
760 3103 884 3167 fraudem
899 3102 976 3152 huius
985 3103 1153 3167 tepisfaeere

189 3178 302 3226 noluerit
316 3182 503 3233 testamentum,
524 3173 573 3223 sed
589 3175 706 3237 epistolis
726 3181 772 3223 aut
786 3171 983 3239 quibuscumque
998 3173 1060 3222 aliis
1074 3171 1153 3222 rebus

188 3249 274 3297 seruis
288 3249 344 3296 suis
353 3245 476 3310 pluribus
490 3247 565 3309 quam
575 3252 810 3308 pertestamentum
820 3247 889 3307 lieet,
904 3245 1026 3307 conferre
1036 3245 1153 3294 uoluerit

189 3317 322 3368 libertates
336 3325 361 3367 et
373 3316 421 3366 aui
434 3321 547 3379 tempore
561 3318 653 3366 mortis
665 3317 835 3379 haeserant,
848 3315 890 3373 ti,
909 3317 954 3379 qui
968 3317 1047 3378 prius
1061 3329 1152 3364 manu·

189 3391 261 3439 missi
272 3389 383 3452 fuerint,
398 3401 478 3450 usque
488 3387 524 3435 ad
532 3402 664 3435 numerum
672 3388 795 3450 superius
804 3388 968 3436 ammentum
978 3385 1056 3436 liberi
1064 3393 1152 3444 eruut,

189 3461 234 3523 qui
253 3474 317 3508 uero
332 3465 394 3522 post
410 3463 533 3506 statutum
551 3473 683 3506 numerum
701 3458 851 3506 manumissi
865 3457 979 3521 tuerint,
1000 3455 1074 3506 aaran
1093 3457 1153 3506 sine
1245 3485 1246 3528 i

190 3530 268 3579 dubio
278 3527 475 3592 permanebunt.
499 3539 520 3577 4.
538 3527 602 3576 Nam
612 3529 637 3576 si
650 3528 785 3578 incolumis
795 3542 965 3592 quoscumque
974 3527 1080 3576 diuerso
1090 3534 1152 3576 tem·
1245 3541 1246 3572 i
