2470 3972
354 198 411 234 onn
429 199 522 234 unsrun.
541 181 588 234 IV.
610 187 737 237 rte-nr.
958 182 1027 248 205

63 325 119 386 1⁷².
138 371 170 386 ..
195 329 403 388 'obseruatum
422 322 426 402 Ι
446 329 516 384 eninr
533 332 652 386 eundem
668 332 741 386 diem
761 339 788 388 et
810 331 954 405 aequalem
969 350 1026 390 mo·
1039 341 1098 391 195.

63 417 130 470 dum
149 413 278 488 capiendi
296 413 394 471 iudicis
416 415 649 487 coutdicandiqne
670 417 760 486 dem,
781 432 838 489 quo
858 415 892 471 ad
911 415 1027 472 iudicem

65 497 226 572 capiendum
243 507 352 572 praesto
369 514 428 554 esse
444 492 612 560 daoerent.¹
653 499 797 556 condicere
818 507 907 555 autom
923 499 1027 556 donnu-

65 583 131 640 tiare
146 591 189 638 est
204 583 293 656 prisca
308 583 409 655 lingua.
429 586 433 649 Ι
455 579 500 640 ts.
517 583 609 654 ltaque
625 583 692 639 liaeo
707 584 814 656 quidem
831 585 902 640 actio
917 584 1028 657 proprie

16 673 57 722 titt
67 666 203 724 condictio
221 666 385 724 uocabatur:
402 683 462 722 nam
477 675 553 723 sotor
568 665 724 724 aduersario
740 667 933 738 denuntiabat,
950 676 980 724 ut
995 668 1029 724 ad

66 750 180 808 iudicem
196 750 359 825 capiendum
374 750 417 806 die
432 767 504 808 xxx.
521 751 642 814 adesset:
662 769 735 812 nunc
750 769 816 808 nero
838 768 894 807 noo
916 753 1028 826 proprie

66 835 266 892 condictionem
281 836 395 892 dicimus
414 835 450 890 'in
471 851 614 908 personam
637 837 786 908 actionem,
809 831 887 910 qaa²
911 837 1028 893 intendi·

66 936 126 975 mus
139 918 201 974 dari
215 918 295 976 nobis
311 905 453 992 oport‘ere:
471 919 545 998 nullo
566 921 638 976 enim
655 920 708 977 lroc
732 929 854 996 tempore
870 935 903 976 eo
919 922 1028 978 nornine

67 1003 236 1060 denuntiatio
253 1001 293 1065 lit.
332 998 379 1060 1tt.
396 1003 467 1060 llaec
481 1012 571 1060 autern
587 1005 657 1078 legis
672 1006 743 1062 aotio
758 1006 906 1062 constituta
922 1013 964 1060 est
979 1021 1028 1078 per

49 1139 51 1144 .
68 1086 154 1161 legem
167 1087 261 1144 Siliam
276 1097 305 1144 et
316 1086 496 1162 Calpurniam,
512 1087 573 1162 lege
586 1089 695 1162 quidem
708 1088 772 1145 Silia
785 1099 873 1147 certae
885 1089 1028 1164 pecuniae,

69 1171 128 1244 lege
143 1189 212 1229 uero
228 1171 372 1246 Calpurnia
387 1172 420 1228 de
436 1175 509 1228 omni
523 1181 597 1230 certa
612 1189 652 1230 re.
690 1169 742 1231 20.
758 1173 844 1242 Quare
859 1182 950 1230 autem
962 1174 1029 1229 haec

68 1257 139 1312 actio
154 1257 309 1314 desiderata
324 1256 373 1327 sit,
390 1273 450 1312 cum
466 1257 499 1313 de
514 1273 557 1328 eo,
574 1257 648 1330 quod
663 1259 741 1314 nodis
756 1258 812 1314 dari
829 1265 955 1332 oportet,
971 1257 1029 1332 'po-

69 1342 203 1398 tuerimus
217 1334 285 1398 aut3
300 1349 467 1397 sacramento
484 1350 530 1397 aut
545 1358 594 1415 per
607 1341 701 1398 iudicis
714 1342 926 1415 postulationem
937 1357 1029 1415 agere,

71 1423 147 1482 ualde
162 1427 319 1498 quaeritur.

130 1507 176 1569 ol.
198 1510 257 1568 Per
272 1525 366 1566 manus
382 1509 555 1565 iniectionem
571 1526 658 1584 usquo
669 1508 724 1586 (de)
742 1510 785 1566 liis
795 1509 876 1567 rebus
887 1509 1029 1584 agebatur,

70 1637 283 1654 Q

72 1715 271 1765 vindicationem
276 1712 444 1777 pertinebunt
452 1711 528 1779 (Geli.
538 1723 573 1772 uo,
586 1725 619 1764 ιο.
633 1713 684 1764 Cic.
696 1729 748 1778 pro
759 1714 829 1765 Mur.
841 1715 877 1780 12)
887 1715 1029 1778 addidisse,

72 1785 161 1835 deinde
179 1787 216 1835 ad
229 1786 297 1850 lepis
309 1785 448 1843 actionem,
468 1799 533 1848 puae
547 1796 598 1846 per
617 1785 714 1835 iudicis
727 1787 927 1848 postulationem
943 1785 1030 1848 siebat,

72 1858 214 1916 transiisse,
224 1857 254 1906 in
263 1871 314 1920 qua
324 1862 350 1905 et
355 1856 443 1919 forma
452 1855 549 1919 apendi
557 1855 757 1906 denmrcstraudo
767 1855 871 1920 (Valer.
879 1856 977 1907 Prota
983 1857 1029 1919 fin.

75 1927 137 1976 Fest.
147 1945 170 1977 u.
182 1924 389 1991 Praesumptio)
399 1933 424 1975 et
433 1925 535 1991 quondo
546 1928 628 1976 locum
638 1926 765 1986 habuerit,
780 1929 878 1992 etquid
887 1927 919 1978 ab
929 1927 1030 1978 arbitro

73 1999 112 2046 titi
124 1999 301 2066 aestimandae
314 1997 489 2062 similibusque
503 1996 613 2047 arbitris
626 2000 717 2061 petitis
731 2000 875 2058 distulerit,
894 2000 1032 2049 dicendum

73 2077 141 2128 crat,·
151 2071 239 2136 itaque
249 2071 305 2118 sine
315 2069 392 2119 dubio
400 2067 477 2118 etitem
486 2071 614 2132 esposuit,
626 2071 715 2120 iurem
724 2072 840 2121 actiones
848 2071 895 2122 doc
904 2072 977 2121 modo
981 2086 1032 2134 per

74 2143 232 2202 sponsionem
242 2143 389 2204 explicatas
397 2154 452 2189 esse
462 2137 507 2204 (of.
516 2135 621 2189 ‘Gaius'
629 2157 657 2204 p.
665 2140 722 2208 rus).
751 2142 867 2206 Denique
878 2145 904 2191 in
915 2148 1032 2190 extremo

75 2211 491 2279 otterapapinuadcondictioncm
499 2213 715 2276 transitumfecit.
756 2209 1031 2278 ¹)Hoecquoeseoun·

75 2281 131 2332 dam
139 2281 233 2336 Scited.
244 2285 408 2332 restituerem
423 2279 480 2348 (sed
495 2277 557 2332 ‘non
576 2283 608 2332 dc
623 2297 773 2347 unoquoque
783 2281 859 2333 uerbo
868 2279 1031 2347 spondens')‚

73 2360 130 2413 post
143 2358 273 2420 cognitum
292 2351 319 2402 V
319 2349 340 2386 ¹¹
349 2356 431 2418 paulo
445 2359 541 2402 mutata
556 2355 632 2402 etiam
646 2369 715 2403 nunc
729 2355 816 2418 quood
826 2366 927 2404 sensum
938 2360 963 2402 ct
975 2353 1031 2403 cod.

78 2426 181 2491 uestlpio
191 2427 302 2476 niaxime
317 2423 470 2474 verisimilia
484 2437 538 2473 esse
553 2425 628 2474 duco.
651 2423 722 2474 Stus
732 2426 828 2488 priora
843 2427 870 2473 in
881 2426 980 2475 incerto
990 2439 1032 2473 re·

78 2493 191 2559 linquens
201 2497 310 2546 mauult:
319 2497 361 2545 dte
371 2493 514 2560 XX(X)sd
525 2495 627 2545 iudicem
637 2495 778 2558 capiendum
789 2501 885 2559 praesto
896 2508 950 2544 esse
961 2494 1032 2545 debe-

78 2561 142 2615 bant.
161 2567 193 2617 Iu
206 2569 232 2618 G.
244 2574 309 2632 post·
318 2568 381 2616 enim
388 2567 486 2630 faerit:
500 2567 569 2615 eund.
586 2567 649 2616 diem
660 2573 684 2615 et
693 2581 706 2614 e
716 2567 810 2632 qualem
820 2567 883 2616 mod.
894 2565 1032 2630 capiendiu-

79 2634 311 2704 dici(s)c’ldicendlfi
325 2637 380 2702 disq
394 2637 424 2686 ad
438 2637 541 2686 iudicem
555 2638 696 2701 capiendum
711 2645 757 2688 etc.
781 2637 860 2703 (Edd.
876 2644 973 2686 tantum
987 2637 1032 2686 io·

80 2703 134 2756 ient
144 2708 248 2776 qualern)
269 2709 466 2760 &accesserint
475 2724 535 2759 uero
547 2710 606 2773 sere
615 2710 693 2759 daec:
704 2706 770 2758 ‘Per
779 2709 966 2760 condictionem
976 2715 1033 2758 tan-

80 2782 128 2826 tum
140 2781 266 2846 apebatur
280 2781 312 2830 de
325 2780 459 2840 diarchus,
474 2793 538 2845 piros
547 2781 621 2830 nodis
630 2781 692 2829 dari
700 2787 809 2846 oportet,
823 2795 898 2845 quam
907 2782 1033 2831 actionem

81 2849 152 2899 etiam
165 2869 234 2902 nunc
249 2852 436 2904 condictionem
451 2863 579 2902 uocamus.
603 2851 639 2900 Et
648 2853 759 2914 perinde
773 2852 822 2903 dac
832 2852 904 2902 modo
915 2851 1033 2918 opedani,
1125 2912 1128 2916 ³

82 2917 193 2974 detracto
211 2931 294 2974 tamen
313 2925 369 2988 ipso
387 2930 561 2982 sacramento,
581 2939 613 2973 ac
631 2925 655 2972 si
672 2931 834 2975 sacramento
853 2925 880 2973 in
894 2937 1034 2987 personam

82 2992 219 3053 operetur)
269 2991 290 3060 ²)
305 2995 423 3044 actionem
438 2994 461 3043 io
476 3005 603 3058 personam
614 2994 687 3060 (esse,
702 2993 763 3062 quo)
773 3011 808 3045 esc
820 2996 845 3045 0.
856 3001 881 3044 et
894 2993 957 3044 Iust.
969 2991 1032 3043 Just.

82 3059 119 3107 cd.
129 3061 175 3128 Bp.
199 3065 252 3116 Sed
264 3067 303 3115 ed.
318 3077 338 3118 5.
355 3073 383 3115 ut
396 3081 450 3116 nos.
487 3061 523 3131 .⁸)
534 3067 643 3128 potuerit
657 3081 670 3115 e
690 3065 717 3116 V
718 3061 745 3115 ’ἦ

84 3182 289 3201 Ἃ*-

151 3255 176 3328 ξ.
190 3265 246 3316 1²⁸.
272 3263 310 3327 Cf.
326 3263 349 3324 5.
366 3271 398 3313 15.
414 3269 439 3311 et
453 3261 489 3311 ihi
503 3269 554 3311 not.
569 3271 589 3310 o.
604 3257 744 3328 condicere]
760 3283 794 3303 =
809 3263 832 3323 §-
847 3270 880 3312 to.
901 3258 922 3308 Ι.
938 3260 969 3308 de
983 3265 1033 3308 oct.

87 3321 155 3394 (us).
200 3330 225 3402 ξ.
239 3335 279 3386 18.
300 3333 338 3398 Of.
349 3343 401 3393 ao.
411 3345 445 3386 oo.
465 3335 534 3395 §.nu
549 3333 571 3382 I.
586 3334 618 3384 de
632 3339 683 3384 oct.
699 3331 730 3398 (t,
741 3331 773 3393 o).
796 3332 861 3382 Fest.
876 3346 916 3394 ep.
931 3348 953 3380 u.
970 3329 1034 3379 Con·

86 3394 169 3450 dictim
190 3405 330 3457 condicere
340 3420 368 3469 p.
379 3416 413 3457 st.
423 3417 457 3458 so.
479 3404 531 3454 otc.
543 3420 595 3468 pro
613 3403 698 3464 Quint.
708 3415 729 3456 8·
749 3406 773 3466 ἓ·
783 3416 817 3456 oo.
837 3403 931 3452 Donat.
942 3402 977 3450 ad
990 3398 1034 3449 Te-

87 3476 147 3518 rent.
167 3473 269 3530 Pliorm.
286 3488 428 3535 1,2.u.tt.
447 3474 749 3534 Seru.adAen.o,11r.
803 3469 887 3544 §.il
909 3473 947 3536 Os.
961 3471 1034 3522 Sero.
1140 3519 1142 3527 s

87 3537 120 3586 od
132 3541 193 3594 Aen.
209 3561 244 3608 ιο,
257 3561 304 3600 419.
328 3547 371 3598 Fr.
391 3547 451 3598 Vct.
465 3560 486 3600 s.
502 3544 612 3615 iudicati]
632 3547 667 3610 cf.
685 3547 748 3597 Geli.
764 3558 798 3606 tto,
814 3560 833 3598 1.
853 3539 984 3610 uindicem]
1000 3543 1035 3606 cf.
