2496 3984
147 209 149 213 .
197 150 238 214 16
635 165 723 202 unns.

195 304 248 342 nen
266 287 380 341 omnino
398 287 599 352 dubitandum,
618 287 688 341 Gaio
706 287 834 355 inprimis
851 287 950 340 deberi
967 303 1033 341 eum
1051 288 1164 342 studio·

195 373 258 408 rum
271 353 408 420 ordinem,
420 371 505 422 quem
517 354 688 408 lastinianus
704 355 794 408 tradit
804 355 967 423 primusque
979 371 1077 408 misus
1096 371 1164 408 oum

195 423 257 490 ipso
271 422 363 476 edicto
377 425 516 490 perpetuo
529 422 699 476 immutavit.
722 421 759 475 Et
772 438 839 475 sane
853 423 1076 476 consentaneum
1089 425 1164 486 erat,

195 491 268 543 siout
283 490 313 542 in
330 491 423 567 prima
449 489 542 544 aetate
564 489 663 610 populi
683 489 804 542 Romani
822 489 970 542 dnodeoim
991 489 1163 544 tabularum

194 557 315 618 libellus,
335 574 384 624 qui
401 573 465 610 oum
482 556 634 626 pubertas
652 557 711 610 eius
728 557 882 624 prodisrat,
901 557 1022 610 exeunte
1041 556 1163 610 demum

194 625 362 705 liberassrep.
382 623 474 701 edicto
491 625 630 702 praetoris
648 625 784 689 samosat,
803 624 890 702 etiam
907 623 1045 702 misterii
1062 625 1163 702 aetate

194 689 1164 836 attitiaiaalaiailaiiauitiata,lssilial

195 841 274 894 perro
287 827 437 880 Iustiniani
449 839 540 878 novae
559 827 756 893 compositioni
769 825 877 879 cedere.
906 825 952 891 At,
970 841 1074 893 mqule,
1087 827 1163 880 haas

197 891 293 947 omnia
305 892 389 946 certis
401 893 571 946 testimoniis
581 907 638 945 non
649 893 788 946 nituntur.
816 893 922 956 Audi03
941 892 990 945 sed
1002 893 1162 946 maximam

196 977 230 1014 ea
246 959 351 1014 habere
370 959 602 1030 probabilitatem
620 975 677 1015 non
694 959 777 1014 facila
795 959 923 1028 negabit,
940 959 989 1027 qai
1003 959 1083 1027 ipsas
1102 977 1161 1025 res,

196 1044 230 1080 ex
248 1026 351 1094 quibus
369 1028 538 1095 argumenta
555 1026 693 1093 duximus,
711 1029 790 1080 neoto
806 1027 911 1080 iudioio
927 1027 1125 1104 perpenderit.

263 1094 323 1146 lam
333 1095 359 1146 si
375 1093 429 1147 hoo
442 1092 506 1147 Gaii
516 1093 671 1162 ingenium,
690 1094 714 1148 si
732 1095 790 1147 tale
808 1095 894 1148 totius
906 1097 984 1147 vitae
993 1095 1161 1148 matitutnm

196 1161 271 1224 erat,
290 1163 323 1213 ut
340 1162 427 1214 etiam
444 1160 611 1215 disorimin'a
628 1161 708 1231 origo
727 1177 836 1226 eorum,
856 1161 906 1229 qni
921 1161 967 1214 ius
982 1161 1100 1229 publiea
1116 1177 1161 1215 rea

166 1271 178 1276 ··
196 1227 771 1363 liniue
786 1228 1160 1360 ueauluu

196 1363 230 1416 de
255 1379 348 1416 exous.
371 1369 419 1428 27,
443 1371 465 1420 1.
490 1363 521 1416 L.
540 1371 562 1418 1.
585 1369 609 1428 ξ,
628 1369 651 1417 ὁ.
671 1337 706 1416 D?
729 1364 764 1416 de
788 1362 928 1416 extraord.
947 1378 1028 1430 cogn.
1044 1369 1092 1429 50,
1115 1367 1159 1426 18)

196 1430 231 1482 ab
251 1446 284 1484 eo
297 1430 474 1497 potissimum
486 1431 644 1497 repetenda
655 1431 792 1496 videatur,
811 1431 878 1498 qnid
890 1431 993 1482 mirum
1007 1431 1059 1498 est,
1080 1431 1159 1498 qnod

195 1497 920 1632 ¹¹{ilisililiallllaliaaudiat?
944 1498 1206 1618 abbatiali

194 1581 332 1684 Romanas
355 1630 453 1685 datum
476 1631 550 1684 esset
571 1631 688 1697 sentire,
714 1647 805 1700 aequo
828 1632 920 1685 animo
941 1633 1056 1700 poterat
1073 1632 1157 1686 ferre.

195 1697 269 1752 Nam
287 1698 409 1766 quotoun
430 1713 465 1752 ue
488 1698 557 1751 iuris
580 1700 709 1752 auctores
731 1700 832 1766 postea
854 1699 940 1752 etlam
958 1699 1157 1776 institutiones

195 1767 376 1835 scripserunt,
388 1716 467 1819 vdiut
479 1765 666 1830 Callistratus,
683 1765 848 1831 Martianus,
866 1765 1053 1831 Florentrnus,
1073 1767 1157 1820 Paul-

196 1833 248 1898 lus,
266 1833 414 1900 Ulpianus,
432 1849 515 1887 nemo
533 1833 631 1887 eorum
649 1833 685 1887 ad
698 1832 870 1887 Gaianarum
887 1833 1000 1887 laudem
1018 1833 1158 1901 aspiravit

194 1899 306 1963 locove,
329 1915 413 1966 quem
431 1899 460 1952 in
479 1900 579 1953 scholis
596 1901 793 1967 obtinuerunt,
818 1899 968 1954 deturbare
992 1917 1039 1954 eas
1056 1900 1156 1954 valuit.

194 1968 234 2019 At
256 1965 342 2020 Gaius
364 1968 428 2042 post
446 1965 556 2034 aliquot
572 1967 685 2020 saecula
702 1969 845 2020 assecutus
864 1969 919 2035 est,
943 1970 976 2020 ut
999 1967 1058 2021 eius
1081 1967 1157 2032 libri,

194 2033 317 2100 primum
329 2031 379 2093 illi,
399 2033 488 2098 quiin
507 2033 609 2086 scholis
626 2033 828 2100 tractabantur,
846 2033 993 2088 hominum
1010 2034 1108 2088 favore
1127 2037 1157 2088 et

196 2099 411 2166 consuetudine,
431 2099 533 2154 d'einde
553 2101 639 2154 etiam
657 2101 745 2154 ceteri
763 2117 859 2155 omnes
876 2102 939 2170 lege
956 2103 1017 2156 lata
1035 2101 1155 2156 eandem

194 2168 224 2219 in
241 2167 351 2220 iudiciis
369 2168 567 2221 auctoritatem
586 2169 754 2233 obtinerent,
773 2185 845 2236 quae
862 2169 1027 2238 Papiniano,
1045 2169 1155 2237 Paullo,

195 2231 316 2302 Ulpia'uo
339 2235 397 2286 iam
420 2235 504 2288 antea
522 2235 714 2304 dompetierat.
751 2236 825 2290 Nam
849 2235 1064 2290 Valentinianus
1081 2237 1112 2290 L.
1131 2244 1154 2292 3.

196 2301 247 2358 Th.
267 2301 295 2357 Ο.
314 2300 348 2354 de
366 2317 439 2370 resp.
457 2302 538 2370 prud.
558 2307 593 2368 (1,
611 2305 640 2369 4)
660 2319 722 2356 oum
742 2305 795 2370 ait,
820 2320 848 2357 se
867 2303 1030 2372 Papiniani,
1052 2303 1153 2369 Paulli,

196 2367 268 2431 Gaii,
286 2367 399 2436 Ulpiani
417 2370 501 2436 atque
519 2368 672 2423 Modestini
690 2369 794 2438 scripta
810 2371 943 2425 universa
961 2371 1082 2431 firmare,
1103 2370 1155 2424 ‘ita

194 2436 228 2488 ut
246 2433 354 2500 Gaium,
372 2453 445 2504 quae
462 2436 593 2490 Paullum
611 2438 641 2504 et
658 2437 808 2513 Ulpianum
827 2441 856 2492 et
873 2439 988 2492 ouantes
1006 2437 1154 2492 comitetur

195 2503 346 2556 auotoritas
362 2502 556 2572 lectionesque
575 2521 609 2558 ex
627 2520 704 2558 omni
726 2505 787 2558 eius
804 2521 888 2572 opere
907 2506 1080 2570 recitentur',
1098 2521 1154 2558 non

89 2587 92 2594 ·
195 2571 314 2624 obscure
331 2570 481 2640 signifieat,
503 2572 643 2640 quasdam
662 2571 726 2626 Gaii
749 2572 854 2640 scripta
877 2573 934 2625 iam
956 2574 1023 2626 tuno
1045 2588 1154 2626 summo

195 2639 287 2692 studio
311 2639 344 2715 et
356 2638 518 2692 indubitata
535 2640 702 2694 anctoritate
725 2639 839 2694 nouitati
861 2639 945 2693 solita
968 2655 1040 2705 esse,
1065 2655 1153 2706 eaque
1227 2635 1228 2652 ¹

195 2704 256 2770 quis
274 2704 386 2758 dubitat
402 2707 517 2774 praeter
538 2723 582 2760 res
606 2707 797 2774 quotidianas,
822 2723 894 2774 quae
917 2709 997 2760 tanto
1015 2707 1044 2759 in
1061 2707 1153 2775 pretio
1227 2715 1228 2724 ¹

194 2770 384 2837 habebantur,
408 2774 441 2826 ut
464 2789 612 2827 aureorum
635 2789 736 2826 nomen
761 2775 915 2840 mererent,
945 2774 1031 2827 fuisse
1061 2773 1154 2828 omnia
1227 2797 1228 2830 1

195 2837 379 2892 scholastica?
402 2841 479 2907 quod
501 2841 585 2894 etiam
604 2839 723 2894 Collatio
741 2839 894 2906 confirmat,
913 2841 1009 2918 paullo
1026 2842 1102 2905 ante,
1121 2842 1154 2894 ut
1227 2859 1228 2882 l

195 2905 319 2970 videtur,
348 2906 515 2976 composita,
543 2907 622 2961 cuius
648 2908 747 2961 auctor
775 2907 850 2962 inter
877 2924 1001 2976 quinque
1032 2908 1152 2960 illustres

194 2971 396 3050 iureconsultos
415 2975 502 3029 etiam
520 2973 584 3028 Gaii
602 2975 727 3044 scriptis,
751 2973 801 3028 sed
823 2975 919 3028 tamen
942 2976 1053 3028 tantum
1072 2973 1151 3028 lusti·
1227 3029 1228 3040 ,

193 3039 348 3094 tutrombua
367 3041 426 3096 eius
444 3059 510 3095 usus
528 3051 578 3096 est.
1227 3041 1228 3092 Τ

262 3105 318 3160 Sed
336 3107 364 3161 in
386 3109 429 3164 his
447 3110 522 3178 ipsis,
540 3125 610 3176 quas
628 3107 750 3172 edimus,
769 3109 802 3160 ut
818 3125 892 3162 nuno
910 3107 1005 3177 paullo
1023 3110 1152 3162 immore—
1227 3137 1228 3146 κ

195 3215 407 3226 Ἃ.

195 3300 208 3333 a
226 3299 284 3334 voce
304 3281 416 3347 magistra
436 3285 537 3335 studiosi
554 3285 704 3346 accipiebant
718 3283 803 3349 (celari
818 3285 881 3334 euim
900 3287 1002 3350 quinque
1018 3286 1072 3334 libri
1087 3292 1151 3334 erant
1227 3271 1228 3294 ¹

194 3356 279 3419 prima,
294 3358 407 3420 secunda,
421 3356 492 3406 ,tertia
507 3370 563 3418 pars
573 3355 654 3415 edicti,
669 3367 785 3416 responsa
796 3354 915 3417 Papiniani
927 3364 951 3405 et
958 3354 1050 3421 Paulli).
1079 3355 1154 3418 lilani·¹
1227 3361 1228 3384 ³

195 3426 256 3474 iaslo
271 3441 352 3475 errore
368 3443 430 3477 nuuc
444 3426 552 3490 plerique
567 3439 607 3473 sex
622 3425 696 3473 libros
707 3425 760 3473 illos
771 3425 904 3488 intelligunt
913 3427 973 3475 duos
983 3425 1023 3492 (ax
1033 3425 1150 3491 quattuor)
1227 3431 1228 3478 l

196 3495 249 3544 Gaii
263 3497 439 3547 Institutionum
454 3503 478 3544 et
492 3501 603 3558 qualium
616 3495 690 3543 libros
705 3496 846 3558 singulares.
