2464 3978
351 229 409 264 eurr
428 231 519 264 rusum.
539 211 573 264 ΙΙ.
596 217 743 266 139-144,
960 211 1022 277 ῙΟἹ

51 367 186 414 mentum
202 359 261 413 eius
277 360 412 431 rumpitur
424 361 498 432 quasi
513 361 656 432 agnatione
668 363 710 415 sui
723 359 838 415 heredis.
869 357 934 419 189.
951 360 1023 417 idem

51 444 129 498 iuris
145 449 200 512 est,
217 443 239 497 si
256 443 298 498 oui
314 452 377 515 post
393 443 491 500 iactum
508 451 699 499 testamentum
717 460 785 499 uror
800 444 826 498 in
838 461 946 500 manum
958 461 1024 501 cou-

53 529 167 596 ueniat,
185 527 230 582 uel
246 528 355 600 quaein
372 543 452 583 manu
468 527 529 597 tuit,
544 526 644 582 nubat:
660 545 721 585 nam
737 545 770 584 eo
786 528 866 585 modo
880 527 949 584 iiiiae
961 528 1023 586 ioco

52 627 123 666 esse
138 611 235 683 incipit
250 620 278 666 et
293 613 370 684 quasi
384 628 433 666 sua
447 605 631 684 '(heree)1it.¹
668 609 735 669 140.
758 612 812 668 Nee
826 613 949 686 prodest,
965 617 1027 668 etue

53 696 140 766 haec,
152 694 278 764 ameide,
290 697 336 768 qni
348 695 494 768 adoptatus
507 704 558 766 est,
570 697 643 758 ineo
653 704 817 752 testamento
826 698 862 751 sit
870 696 975 768 (heres)
983 698 1024 752 in·

51 781 178 836 stitutus
191 773 385 835 institutauez²
399 795 460 834 nam
476 780 509 836 de
525 780 732 859 exheredatione
748 782 806 837 eius
821 796 1024 854 superuacuum

53 864 175 932 uidetur
196 879 347 936 quaerere,
370 880 431 919 oum
455 866 608 920 testamenti
629 865 745 921 faciundi
765 874 889 938 tempore
910 881 1022 921 suorum

53 948 196 1004 heredum
206 963 319 1003 numero
328 964 382 1003 non
395 948 505 1008 inerint.
537 946 597 1007 141.
612 947 696 1005 Filius
708 963 829 1024 quoque,
839 950 885 1022 qui
897 966 929 1004 ex
939 951 1024 1023 prima

55 1031 221 1088 secuudaue
235 1033 432 1105 mancipatione
446 1035 656 1104 manumittitur,
673 1036 734 1106 quia
750 1035 900 1089 reuertitur·
914 1035 943 1089 iu
961 1041 1023 1106 pot·

54 1125 180 1172 estatem
192 1117 314 1189 patriam,
322 1118 424 1190 rumpit
436 1125 498 1172 aute
509 1117 610 1174 iactum
619 1125 827 1186 testamentum
839 1133 889 1174 uec
900 1117 1024 1190 prodest,

54 1199 106 1275 (si)
125 1203 154 1256 in
171 1217 206 1255 eo
228 1207 392 1255 testamento
415 1201 493 1256 heres
514 1203 656 1257 institutus
678 1201 722 1258 uel
737 1201 916 1258 exheredatus
933 1202 1024 1258 tuerit.

53 1283 129 1341 142.
142 1283 285 1340 Simiieius
292 1284 354 1340 oiim
362 1285 446 1340 iuitiu
453 1286 511 1340 eius
519 1289 732 1358 persona‚ouius
745 1287 854 1341 nomine
867 1302 899 1339 ex
911 1297 1023 1342 senatus

55 1369 193 1425 consulto
210 1369 310 1424 erroris
332 1385 409 1426 eausa
431 1369 576 1442 probatur,
598 1372 660 1442 quia
680 1369 752 1426 iorte
768 1386 799 1425 ex
814 1370 957 1443 peregriua
979 1370 1024 1425 uei

55 1453 171 1525 Latina,
187 1469 255 1526 quae
271 1470 320 1527 per
334 1469 454 1508 errorem
471 1455 550 1526 quasi
562 1454 630 1510 einis
641 1453 759 1510 Romana
769 1469 838 1509 uxor
849 1453 929 1510 dueta
940 1463 1023 1526 esset,

56 1545 145 1594 natus
161 1546 248 1594 esset:
263 1554 324 1593 nam
339 1539 399 1594 siue
414 1538 493 1593 heres
508 1539 649 1594 institutus
665 1547 738 1594 esset
753 1553 767 1592 a
783 1546 897 1610 parente
908 1537 967 1594 siue
979 1555 1025 1594 er·

58 1621 230 1693 heredum,
252 1623 310 1678 siue
332 1623 398 1677 uiuo
417 1629 495 1695 patre
515 1639 594 1680 eausa
609 1622 727 1696 probata
750 1624 808 1677 siue
823 1630 887 1695 post
909 1631 1024 1678 mortem

58 1707 139 1778 eius,
163 1707 318 1763 omnimodo
347 1708 422 1780 quasi
450 1699 621 1784 adpetitione
648 1706 791 1781 rumpebat
821 1713 1079 1770 testamentumeo.

3 1787 129 1853 rrr1143.
152 1789 230 1846 Nune
245 1807 310 1847 uero
325 1807 358 1848 ea
372 1807 447 1846 nouo
462 1800 572 1847 senatus
588 1791 724 1857 consulto.
740 1790 813 1864 quod
828 1798 939 1845 auctore
961 1790 1026 1847 diuo

40 1874 204 1930 ·iiadriano
228 1873 327 1932 iaetum
349 1884 401 1945 est,
422 1877 444 1930 si
467 1875 575 1948 quidem
598 1877 662 1930 uiuo
685 1883 763 1949 patre
783 1889 864 1931 causa
883 1876 1025 1947 prodatur,

62 1976 153 2034 aeque
169 1966 201 2015 ut
223 1958 286 2015 olim
309 1959 464 2015 omnimodo
487 1961 589 2033 rumpit
604 1967 811 2028 testamentum
835 1959 858 2014 si
875 1973 940 2015 uero
963 1969 1026 2032 post

63 2052 183 2100 mortem
206 2044 300 2117 patris,
324 2044 488 2118 praeteritus
512 2043 621 2118 quidem
643 2045 744 2118 rumpit
767 2051 975 2116 testamentum,
1003 2045 1025 2099 si

65 2145 134 2184 uero
155 2129 236 2183 heres
258 2129 285 2183 iu
308 2145 341 2184 eo
363 2129 481 2201 scriptus
502 2137 545 2184 est
567 2128 611 2184 uel
634 2128 829 2198 exheredatus,
851 2144 907 2183 uon
926 2130 1027 2202 rumpit

65 2220 275 2277 testamentum.
297 2229 331 2268 ue
346 2213 450 2270 scilieet
464 2212 612 2287 diligenter
627 2213 696 2268 iacta
712 2219 875 2269 testamenta
890 2212 1027 2268 rescinde·

64 2305 163 2353 rentur
181 2312 214 2352 eo
230 2305 369 2371 tempore,
392 2313 445 2370 quo
468 2298 592 2352 renouari
608 2313 663 2352 nou
678 2303 801 2372 possent.
844 2293 909 2354 144.
931 2295 1025 2352 Poste-

64 2383 139 2438 riore
169 2395 280 2454 quoque
302 2388 481 2450 testamento,
510 2380 583 2454 qood
612 2383 670 2436 iure
694 2381 794 2436 iactum
815 2388 873 2451 est,
901 2379 1026 2454 superius

141 2548 162 2618 ¹)
178 2553 186 2601 i
206 2552 233 2601 V
234 2548 261 2600 ¹².
327 2547 348 2617 ²)
364 2551 433 2600 Puta
446 2550 496 2600 huo
507 2550 636 2613 somnia:
656 2546 692 2598 ‘oi
709 2563 781 2613 quem
794 2545 976 2610 adoptavero'‚
992 2545 1028 2598 ‘aa'

64 2640 132 2689 quae
147 2623 213 2672 mint
226 2625 253 2672 in
267 2637 369 2672 manum
383 2618 560 2674 convenerit':
579 2637 637 2669 nam
650 2621 675 2668 ri
688 2619 721 2670 Ι..
740 2619 823 2668 111111
836 2617 919 2684 (quem
933 2625 1027 2681 poetro

64 2693 212 2759 adoptavit)
228 2696 267 2742 uel
280 2693 312 2742 1..
332 2693 401 2742 tttta
415 2691 492 2758 (quae
501 2699 593 2755 posteo
608 2693 635 2743 in
649 2706 751 2740 monum
760 2687 889 2754 convenit)
898 2689 973 2738 heren
987 2690 1027 2738 in·

64 2768 160 2815 stitutio
188 2766 337 2814 institutore
348 2765 441 2827 suerit,
451 2763 561 2827 prodeat
575 2762 711 2811 institutio.
731 2760 763 2810 J..
779 2771 812 2811 18.
836 2760 868 2808 D.
884 2760 916 2809 de
930 2761 1027 2810 iniusto

66 2836 113 2902 (88,
127 2834 161 2902 8).
180 2835 213 2884 L.
228 2847 261 2886 11.
281 2837 304 2897 ᾗ.
320 2848 340 2884 1.
360 2835 392 2884 D.
412 2835 444 2884 de
463 2833 505 2883 tto.
521 2839 624 2898 etpost.
639 2830 684 2897 (88,
699 2831 730 2897 8).
759 2832 879 2880 Attamen
898 2846 942 2890 ea,
962 2845 1028 2895 quae

65 2913 221 2972 sequuntur,
235 2906 335 2964 docent,
353 2904 444 2954 Gaium
458 2906 534 2954 etiam
548 2905 580 2954 de
594 2903 643 2952 hae
658 2904 818 2953 institutione
836 2903 947 2952 sentisne
961 2917 1027 2966 emn-¹

68 2993 116 3042 qne
131 2985 184 3026 tum
198 2978 314 3026 inutilem
329 2977 365 3026 ad
378 2977 498 3025 tuendum
512 2981 687 3025 teotunwntum
701 2975 782 3024 vinam
792 2974 885 3036 suisne.

141 3132 167 3204 ξ.
185 3138 244 3187 188.
266 3135 304 3198 Os.
324 3133 659 3198 [111111111111111.
724 3129 749 3200 fi.
766 3135 824 3183 140.
846 3132 884 3195 Cf.
900 3131 932 3179 L.
948 3141 974 3181 11
984 3145 1028 3193 pr.
1058 3131 1063 3140 “

70 3210 93 3270 5.
109 3220 129 3258 1.
150 3207 182 3256 L.
197 3217 231 3258 88.
246 3208 270 3268 5.
285 3219 306 3260 1.
325 3205 357 3254 D.
377 3205 410 3254 de
428 3204 471 3254 lt'b.
491 3213 516 3254 et
531 3213 598 3268 poet.
618 3202 663 3269 (88,
678 3202 708 3269 8).
729 3203 760 3252 l..
776 3215 810 3254 18.
830 3203 863 3252 D.
882 3202 915 3250 de
933 3202 1029 3250 iniusto

70 3276 162 3344 (81.1).
182 3277 215 3328 L.
230 3289 250 3329 8.
270 3278 404 3340 §ht-neq.
428 3275 461 3324 D.
476 3277 508 3325 de
522 3275 584 3339 hp.
600 3292 623 3325 c.
638 3283 655 3324 t.
670 3273 761 3340 (11,1).
785 3274 818 3322 L.
834 3284 872 3322 188
887 3287 930 3335 pr.
949 3271 1030 3320 D.de

72 3349 141 3399 verb.
156 3348 204 3399 obl.
220 3347 266 3414 (41,
281 3347 312 3413 1).
375 3343 400 3415 ξ.
418 3349 475 3398 141.
498 3347 537 3410 Os.
552 3345 607 3410 Uip.
623 3357 658 3410 81,
673 3357 692 3396 8.
713 3344 744 3394 Ιι.
761 3355 794 3394 88.
810 3346 834 3404 5.
849 3356 869 3392 1.
890 3343 1030 3404 11111111

72 3434 92 3478 1,
107 3431 154 3472 111.
169 3430 216 3472 aaa.
232 3431 253 3477 1,
268 3431 288 3470 1.
317 3417 407 3468 nouat.
422 3429 457 3480 11,
471 3429 492 3468 1.
507 3420 530 3479 8.
547 3429 566 3469 1.
640 3412 665 3483 §-
682 3418 741 3476 142.
763 3413 801 3477 df.
817 3426 837 3472 1.
852 3410 908 3478 (11.)
924 3423 958 3464 or.
973 3423 994 3469 1,
1009 3421 1034 3462 o.

91 3529 97 3540 .
113 3494 172 3542 143.
194 3490 233 3554 Cf.
248 3505 330 3553 supra
344 3501 365 3547 1,
381 3499 415 3540 18.
435 3487 480 3537 ubi
493 3495 576 3538 tamen
591 3489 758 3537 dementato
769 3491 848 3547 patre
862 3485 958 3548 apitur.

92 3600 97 3610 .
119 3565 178 3613 144.
198 3583 232 3604 ==
250 3562 274 3622 §-
293 3571 314 3610 8.
338 3560 361 3609 Ι.
381 3559 448 3624 quib.
469 3560 533 3609 mod.
554 3566 609 3608 teat.
629 3557 677 3619 inf.
693 3555 729 3620 (8,
748 3553 792 3620 nt).
818 3554 857 3617 Cf.
881 3553 936 3618 ttp.
956 3564 995 3611 81,
1009 3564 1030 3604 8.
