2464 3978
322 225 380 260 onir
397 226 490 260 uasrm.
511 208 545 259 ΙΙ.
566 214 607 262 79.
628 215 740 262 62-64.
969 208 1011 271 91

41 366 121 410 tuam
139 371 212 424 esse,
228 371 279 412 nec
290 355 381 410 solues
392 357 510 428 pretium
524 355 639 426 tabulae,
650 357 753 429 poteris
764 371 815 428 per
826 359 1013 430 exceptionem

40 440 103 495 doli
125 439 189 494 mali
206 441 389 506 summoueri;
412 447 439 494 at
459 441 482 495 si
505 449 533 494 tu
550 440 705 513 possideas,
720 456 892 512 consequens
908 449 967 511 est,
983 449 1014 497 ut
1102 443 1104 448 '

42 524 125 580 utilis
141 523 208 578 milri
221 525 290 578 dctio
302 522 447 578 aduersum
461 532 486 578 te
498 523 555 578 dari
569 523 683 598 debeot3
701 540 756 597 quo
768 541 832 579 casu
844 526 895 580 nisi
907 525 1012 581 soluem

4 617 28 663 2]
41 611 191 681 inpensam
207 609 345 681 picturae,
369 609 471 681 poteris
486 625 529 663 me
550 625 599 681 per
613 610 798 681 exceptionem
822 608 877 664 doli
892 607 955 664 mali
969 625 1012 665 re·

42 692 169 766 pellere,
185 691 281 765 utiquc
297 693 320 747 si
334 690 406 748 bona
422 690 474 748 lide
495 709 640 765 possessor
654 693 748 748 [ueris.
777 692 847 748 illud
860 693 945 766 polam
960 701 1012 764 est,

41 775 123 849 quod
144 777 206 832 siue
227 785 258 830 tu
278 775 464 849 subripuisses
482 773 599 832 tabulam
619 778 678 832 siue
700 777 785 844 alius,
805 779 927 850 conpetit
949 778 1013 832 mibi

43 861 113 915 lurti
131 862 215 914 actio.
955 911 959 918 ,

111 940 163 1000 79.
192 945 221 998 Ιιι
243 943 301 999 aliis
323 960 432 1017 quoque
451 943 592 1017 speciebus
612 945 741 1000 naturalis
762 946 832 1000 ratio
848 944 1012 1019 requiritur:

43 1029 168 1101 proinde
182 1029 205 1083 si
217 1043 250 1082 er
262 1029 323 1083 uuis
336 1022 402 1102 (out
413 1031 497 1084 olibis
506 1036 557 1085 out
568 1023 668 1105 spicis)
681 1031 748 1084 meis
761 1031 853 1084 uinum
864 1036 911 1084 aut
923 1029 1012 1085 oleum

43 1122 93 1166 aut
118 1113 289 1168 frumentum
313 1113 420 1182 leceris,
437 1113 592 1185 quaeritur,
617 1121 706 1169 utrum
722 1129 812 1168 meum
826 1113 864 1169 sit
878 1113 904 1168 id
921 1114 1012 1168 uinum

43 1205 92 1251 aut
118 1196 213 1252 oleum
232 1205 278 1252 aut
305 1196 486 1266 frumentum,
514 1215 546 1252 an
573 1206 661 1258 tuum.
698 1199 764 1253 item
784 1197 808 1252 si
828 1214 860 1253 ex
880 1214 946 1252 auro
967 1206 1014 1252 aut

44 1276 173 1353 argento
184 1297 245 1336 mco
262 1297 308 1336 uns
324 1281 432 1353 aliquod
445 1281 552 1352 leceris,
568 1281 613 1336 uel
625 1298 657 1336 ex
670 1280 767 1336 tabulis
780 1283 847 1338 meis
858 1296 954 1336 nauem
967 1288 1014 1336 aut

44 1367 195 1420 armarium
218 1373 265 1420 aut
286 1364 445 1420 subsellium
468 1363 660 1437 labricaueris,
688 1367 800 1420 itemsi
821 1381 854 1421 ex
875 1365 935 1421 lana
957 1381 1014 1420 mea

44 1451 248 1505 uestimentum
269 1449 382 1517 leceris,
404 1449 449 1504 uel
470 1450 493 1504 si
517 1465 549 1505 ex
572 1450 637 1504 uino
660 1458 689 1504 et
710 1449 791 1505 melle
812 1465 873 1506 meo
896 1449 1013 1504 mulsum

44 1534 159 1598 leceris.
182 1535 242 1589 siue
257 1549 290 1588 ex
312 1533 513 1589 medicamentis
529 1535 595 1588 meis
611 1533 786 1607 emplastrum
808 1543 854 1590 aut
870 1533 1014 1606 collyrium

44 1618 160 1688 leceris,
168 1612 341 1690 (quaeratur,
354 1624 450 1673 utrum
462 1624 541 1674 tuum
549 1622 586 1674 sit
594 1621 632 1688 id,
646 1620 724 1689 quod
733 1634 772 1674 ex
782 1633 843 1675 mco
854 1615 1012 1690 effeceris)

44 1719 80 1757 an
97 1718 202 1757 meum.
233 1700 346 1768 Quidam
367 1703 504 1757 materiam
527 1709 555 1758 et
570 1703 748 1758 substantiam
764 1702 937 1774 spectandam
953 1717 1013 1756 esse

45 1794 167 1860 putant,
187 1785 287 1854 idest,
308 1793 339 1841 ut
358 1788 435 1841 cuius
450 1788 560 1842 materia
580 1787 625 1855 sit,
641 1785 714 1841 illius
730 1794 756 1841 et
772 1803 832 1856 res,
854 1801 923 1860 quae
945 1785 1013 1840 lacto

44 1873 95 1941 sit,
111 1859 241 1926 uideatur
255 1887 326 1942 esse,
342 1870 424 1942 idque
439 1871 551 1925 manime
566 1870 668 1943 placuit
683 1869 782 1926 Sabino
798 1877 826 1924 et
840 1871 946 1942 Cassio,
970 1868 1014 1924 alii

46 1971 117 2010 uero
135 1958 199 2010 eius
213 1969 272 2010 rem
287 1971 347 2010 csse
361 1961 474 2028 putent,
485 1955 532 2026 qui
544 1955 647 2024 lecerit,
665 1953 746 2027 idque
762 1956 876 2010 manime
890 1953 1014 2009 diuersae

46 2039 163 2095 scholae
177 2039 334 2095 auctoribus
351 2039 439 2094 uisum
455 2047 510 2094 est:
525 2031 528 2115 l
542 2038 590 2095 sed
606 2055 668 2094 eum
680 2055 799 2112 quoque,
814 2039 890 2095 cuius
902 2037 1013 2093 materia
1024 2047 1066 2096 73.

47 2133 77 2179 et
103 2119 257 2180 substantia
283 2123 384 2192 lu'crit,
411 2122 478 2178 lurti
503 2122 633 2180 aduersus
660 2140 738 2192 eum,
768 2125 813 2195 qui
836 2123 1014 2195 subripuerit,

50 2206 154 2262 habere
170 2208 320 2276 actionem;
335 2223 386 2263 nec
401 2207 491 2262 minus
507 2207 640 2264 aduersus
652 2207 767 2262 eundem
780 2207 980 2263 condictionem
991 2206 1016 2260 ci

48 2301 222 2364 competere,
238 2293 305 2364 quio
317 2292 451 2348 extinctae
462 2308 516 2362 res,
532 2291 595 2347 licet
607 2291 737 2347 uindicari
750 2308 804 2346 non
816 2292 934 2364 possint,
951 2305 1015 2346 con·
1044 2281 1046 2286 ’

49 2377 103 2432 dici
120 2383 212 2430 temen
227 2374 333 2431 iuribus
349 2384 376 2431 et
392 2373 550 2448 quibusdem
567 2375 626 2430 aliis
642 2368 846 2448 possessoribus
862 2381 987 2448 possunt.

115 2454 168 2516 62.
193 2451 310 2515 'Accidit
325 2459 480 2533 aliquando,
496 2469 526 2515 ut
542 2462 587 2532 qui
599 2459 725 2514 dominus
740 2461 787 2529 sil,
803 2458 960 2514 alienandae
975 2459 1015 2514 rei

50 2551 219 2618 potestatem
245 2560 300 2599 non
323 2544 435 2614 habeat,
458 2553 486 2598 et
508 2545 554 2617 qui
579 2544 704 2599 dominus
724 2560 779 2598 non
800 2545 851 2611 sit,
872 2541 877 2612 Ι
896 2546 1068 2601 αἱίειιιιεθθ.

51 2629 150 2701 possit.
186 2623 232 2685 63.
254 2627 317 2683 Nam
333 2627 423 2684 dotale
438 2628 579 2701 praedium
602 2629 714 2688 maritus
735 2628 820 2682 inuita
835 2626 952 2682 mullere
967 2643 1016 2699 pet·

51 2713 143 2786 legem
161 2711 255 2768 luliam
272 2711 433 2785 prohibetur
447 2712 573 2782 alienare,
586 2713 710 2785 quamuis
726 2713 811 2785 ipsius
826 2715 863 2768 sit
882 2711 925 2768 uel
941 2727 1014 2766 mau-

52 2799 175 2870 cipatum
196 2798 220 2852 ei
240 2797 312 2852 dotis
335 2813 414 2854 causa
437 2797 482 2852 uel
504 2797 532 2852 in
553 2798 612 2852 iure
638 2813 745 2853 cessum
772 2796 816 2852 uel
846 2805 1015 2869 usucaptum.

52 2881 130 2953 quod
152 2880 262 2953 quidem
286 2883 328 2936 ius
350 2890 441 2937 utrum
462 2880 494 2936 ad
509 2881 601 2938 ltalica
617 2889 721 2937 tautum
737 2881 860 2955 praedia,
883 2897 916 2936 au
936 2883 1016 2936 etiam

53 2965 85 3019 ad
102 2965 281 3037 prouincialin
296 2967 439 3038 pertineat,
462 2965 609 3024 dubitatur.
649 2960 699 3022 64.
723 2966 760 3022 ux
775 2965 884 3022 diuerso
902 2973 1016 3039 agnatus

130 3114 151 3181 ¹)
170 3117 208 3166 De
232 3118 281 3167 boc
300 3117 338 3178 ἐξ.
358 3128 454 3167 tta-64.
479 3132 540 3166 uero
560 3120 617 3167 loco
638 3118 673 3180 cs.
694 3124 745 3167 not.
765 3125 825 3166 onte
844 3120 866 3178 ἓ.
885 3127 920 3167 65.
939 3116 1019 3164 etad

54 3189 94 3249 ἓξ.
111 3199 208 3262 80—853
224 3190 248 3250 ξ.
263 3200 284 3237 2.
304 3188 326 3236 I.
342 3185 411 3252 quib.
427 3190 503 3236 alien.
520 3189 562 3236 lic.
578 3186 609 3253 (a,
624 3188 656 3253 8).

127 3344 154 3414 §-
171 3350 211 3398 tu.
233 3349 272 3411 Cf.
284 3348 315 3395 L.
332 3359 351 3397 ι.
366 3349 388 3409 5.
400 3359 419 3397 a.
436 3348 467 3394 Ι).
483 3349 520 3396 tit.
536 3349 579 3397 cit.
594 3350 617 3408 §-
629 3358 662 3398 m.
683 3347 754 3406 Lot.
766 3349 809 3395 cit.
820 3346 889 3409 Epic.
900 3358 921 3404 e,
932 3359 951 3396 1.
962 3348 984 3406 ξ.
996 3357 1016 3397 s.

55 3415 82 3484 ᾗ.
98 3421 141 3468 62.
158 3441 191 3460 =
204 3435 245 3481 pr.
266 3418 288 3466 I.
309 3417 376 3482 quib.
396 3420 475 3466 alien.
495 3420 538 3467 tie.
557 3417 594 3482 (u,
613 3418 644 3483 8).
713 3415 738 3485 ξ
755 3421 796 3468 63.
813 3433 856 3480 pr.
873 3417 893 3464 I.
909 3419 952 3466 cit.
978 3415 1016 3478 Cf.

58 3489 135 3538 Paul.
151 3501 172 3546 2,
186 3502 212 3540 ul
227 3489 258 3538 B.
278 3491 301 3550 §-
317 3500 337 3538 2.
389 3485 414 3556 §-
425 3492 467 3538 64.
490 3489 527 3552 Cf.
544 3489 595 3539 Cic.
611 3490 643 3538 dc
658 3491 752 3538 invect.
768 3491 789 3546 a,
803 3499 837 3538 so.
853 3487 889 3536 od
901 3488 1017 3536 Heremo.

58 3571 78 3616 1,
93 3572 127 3610 13.
151 3559 206 3624 ΜΡ,
227 3571 300 3620 rme.
321 3560 352 3608 L.
373 3562 485 3622 soit.
506 3560 756 3622 adelbotum.
777 3562 887 3620 -§.1.
911 3557 1018 3623 quit.

54 3868 214 3944 A
