2496 3984
383 209 442 243 usn
459 209 553 243 1usr1r.
573 191 608 242 IL
627 195 758 245 2546&
1010 191 1052 254 81

93 336 203 410 addicit3
225 327 310 410 idque
334 339 403 411 legis
421 340 492 395 actio
513 347 638 394 uocatur.
667 339 721 394 hoc
742 337 800 395 fieri
816 347 908 412 potest
923 340 1003 394 etiam
1024 341 1053 394 in

93 421 237 493 prouinciis
264 425 346 493 apud
361 422 513 495 praesides
535 439 643 481 earum.
694 419 743 484 26.
772 423 934 495 Plerumque
962 432 1052 480 tamen

93 513 119 559 et
139 504 194 560 iere
216 521 325 580 semper
346 506 592 581 mancipationihus
613 508 731 562 utimur:
754 506 827 581 quod
850 509 921 562 enim
935 509 988 580 ipsi
1003 525 1054 582 per

93 605 140 644 nus
160 591 351 662 praesentibus
373 593 465 647 amieis
486 607 568 666 agere
588 607 750 664 possumus,
782 592 837 648 hoe
858 607 913 647 uon
939 593 1053 648 interest

95 668 165 746 (nee)
188 671 317 732 uecesse¹
341 693 403 733 cum
425 677 527 732 maiore
549 669 709 731 difficultate
731 677 809 748 apud
829 683 983 749 praetorem
1006 685 1053 731 aut

92 758 161 828 apud
180 759 332 830 praesidem
355 761 513 834 prouinciae
535 775 625 832 agere,
662 755 713 818 26.
736 758 813 826 Quod
836 760 858 814 si
874 775 964 832 neque
979 777 1053 815 man·

92 841 187 912 cipite,
214 859 304 915 neque
335 847 364 900 in
390 846 450 900 iure
475 859 550 899 sessa
578 845 615 899 sit
642 862 687 902 ros
715 837 853 917 mancipi²
877 843 884 914 Ι

427 1031 429 1039 ⁴
576 1030 616 1070 vv.
633 1011 715 1068 1-5
737 1013 807 1070 med.
1061 1024 1104 1072 61.

34 1112 83 1158 [tes]
92 1087 153 1148 20⁸·
170 1136 177 1150 .
196 1139 202 1151 .
226 1095 266 1150 'in
279 1101 443 1168 prouinciis
456 1112 528 1153 nero
543 1115 601 1154 non
616 1099 697 1154 moda
711 1097 850 1171 praedium
865 1101 972 1154 nulium
981 1008 1052 1170 pass
1062 1092 1104 1132 ‘³-

91 1191 234 1235 scssoram
255 1185 420 1253 proprium,
443 1182 495 1236 sed
515 1197 553 1236 ne
574 1181 691 1252 paridem
707 1180 762 1237 ulia
777 1180 859 1236 libers
881 1183 977 1238 ciuitas
999 1192 1051 1239 est.

158 1343 178 1412 ¹)
193 1362 238 1398 uec
252 1349 394 1412 duplicavi.
447 1345 469 1414 ἵ)
485 1349 554 1398 Puta
563 1355 742 1398 secatumesse
754 1345 812 1398 ‘sed
820 1357 918 1398 tantum
928 1349 1050 1402 tradita’.

92 1415 201 1466 Ceterum
216 1421 294 1468 etiam
313 1421 341 1468 V
341 1416 363 1452 ’ἴ
376 1435 411 1469 ea
424 1419 474 1469 isac
485 1435 548 1484 pap.
554 1435 644 1483 panca
654 1427 751 1470 tantum
761 1422 876 1470 continet
885 1420 964 1470 verda
974 1423 1049 1472 initia

89 1490 245 1548 quorundam
264 1506 396 1556 uersuum,
416 1493 486 1540 uelut
499 1507 521 1539 a.
537 1503 556 1541 ι.
577 1489 689 1557 m(odo?)
710 1491 779 1554 plena
794 1491 918 1553 possessio
932 1507 1049 1540 concessa

90 1573 110 1604 o.
121 1570 140 1608 s.
156 1573 182 1607 ex
196 1561 298 1609 formula
313 1577 454 1625 quamquam
470 1579 492 1610 a.
503 1575 537 1612 11.
553 1563 643 1610 fructus
657 1577 688 1610 na
702 1579 725 1610 u.
736 1573 770 1611 12.
785 1561 844 1610 ltem
855 1561 931 1610 adhuc
946 1563 970 1610 in
981 1579 1003 1611 o.
1014 1575 1048 1614 tt.

92 1643 133 1677 uon
147 1630 254 1680 iuisseiit.
284 1630 424 1696 Suspieari
438 1635 507 1690 ticet,
524 1632 615 1681 Gaium
630 1634 657 1680 in
672 1633 723 1682 isac
735 1648 799 1696 pap.
811 1634 925 1696 primum
939 1633 1048 1692 dissime,

90 1714 139 1747 rem
153 1704 267 1766 mancipi
280 1703 404 1752 traditam
422 1710 532 1760 tantum,
554 1705 579 1752 si
596 1704 697 1766 quidem
711 1719 728 1753 a
742 1705 797 1752 cire
813 1701 897 1760 Rom„
912 1718 964 1752 nan
978 1705 1050 1766 effici

90 1772 237 1834 accipientis
251 1789 287 1823 ca
301 1775 359 1822 inre
372 1772 445 1833 Quir.
460 1775 542 1824 donec
552 1775 725 1836 usucapiatur
739 1772 777 1838 (in
791 1772 865 1822 donis
877 1775 945 1832 neri,
955 1781 1049 1837 postea

91 1841 182 1891 demum
195 1845 263 1894 dicit
276 1847 300 1906 §-
314 1843 365 1910 41);
391 1847 417 1894 ei
434 1860 496 1894 uera
509 1861 527 1893 a
536 1846 692 1908 percprino,
709 1860 765 1894 oum
780 1859 830 1907 quo
845 1845 887 1894 ius
901 1847 1049 1894 commercii

91 1926 137 1960 non
149 1915 191 1974 sit,
200 1916 311 1978 perinde
321 1931 377 1965 esse
387 1931 419 1966 ac
432 1918 457 1964 si
470 1931 518 1964 nec
532 1917 646 1978 mancipi
655 1931 698 1964 res
707 1915 809 1964 tradita
818 1923 884 1964 esset
894 1913 940 1980 (cs.
956 1917 993 1970 ad
1002 1916 1047 1964 dr.

96 1981 149 2032 Vat.
163 1997 189 2036 47
204 1985 283 2052 not.),·
302 1993 381 2036 totum
398 1989 466 2035 enim
479 1987 528 2036 icoc
542 2002 629 2034 rerum
644 1987 782 2035 discrimen
799 1987 866 2034 iuris
881 1987 966 2036 ciuilis
979 2002 1048 2036 esse:

89 2054 132 2102 sed
144 2071 189 2106 nec
198 2057 344 2106 traditione
354 2058 468 2120 praedia
479 2058 667 2120 provincialia,
682 2059 797 2120 quamuis
807 2073 854 2106 nec
864 2059 979 2121 mancipi
986 2060 1047 2117 sint,

89 2127 237 2188 accipientis
247 2130 329 2191 piena
343 2130 401 2176 iure
412 2129 482 2190 ficri,
497 2131 617 2192 qnoniam
633 2129 748 2192 priuatis
762 2143 851 2178 eorum
865 2136 962 2177 tanturn
976 2129 1047 2191 piena

90 2199 205 2255 possessio
221 2207 337 2248 concessa
355 2200 403 2255 sit;
422 2207 593 2248 verumtamen
607 2215 663 2248 eum
677 2215 777 2263 qnoque
795 2214 822 2246 ex
837 2199 952 2258 termula,
971 2215 1047 2262 quan·

90 2280 154 2327 quam
168 2284 218 2318 nan
232 2285 274 2328 ea,
288 2285 354 2334 qaae
364 2271 466 2320 domino
476 2271 534 2319 iure
544 2261 617 2319 cristi
626 2272 752 2332 competit,
761 2269 898 2318 uindicare
908 2277 1048 2332 posse:set

90 2343 112 2383 et
122 2337 233 2399 fructus,
251 2348 279 2389 ut
292 2348 398 2390 nostrae
410 2341 515 2390 scdoiae
529 2349 650 2390 auctores
659 2348 762 2404 putant,
777 2355 821 2390 eos
836 2355 899 2404 quas
908 2355 989 2403 opera
997 2355 1046 2390 sua

90 2410 238 2471 acquisierit
258 2409 301 2477 (L.
316 2422 351 2462 45.
372 2411 404 2459 D.
424 2412 456 2460 de
470 2427 542 2460 usur.
561 2423 599 2469 ss,
619 2410 658 2475 1),
679 2413 818 2460 secundum
833 2409 1046 2479 Proculeiauoram

90 2486 168 2530 aurem
180 2484 333 2530 sententiam
347 2484 423 2530 etiam
437 2484 505 2532 aiios
525 2497 610 2531 omnes
629 2483 719 2530 tructus
738 2483 852 2530 naturali
869 2483 972 2531 ratione
990 2483 1046 2530 eius

87 2551 192 2610 perinde
210 2569 243 2602 ac
261 2553 359 2602 donnni
376 2553 452 2615 fieri·
472 2553 529 2602 item
548 2553 624 2602 adhue
644 2553 668 2600 in
682 2554 846 2614 possessione
863 2567 952 2601 earum
965 2564 1046 2614 proe-

90 2619 186 2670 diarnm
204 2625 241 2672 ad
258 2622 396 2673 obtinenda
414 2639 445 2672 ea
463 2639 515 2673 nan
534 2625 692 2686 usucapione
710 2624 823 2687 quidem,
845 2623 893 2671 sed
904 2637 956 2684 per
974 2624 1047 2688 ionpi

90 2695 206 2754 ternporia
221 2695 457 2758 praescriptionem
477 2696 547 2743 tueri
568 2710 596 2744 sc
610 2709 696 2756 passe.
731 2693 832 2742 Deinde
852 2694 880 2741 in
897 2694 950 2755 stne
969 2692 1047 2742 iuius

87 2774 144 2826 pap.
159 2771 183 2812 et
197 2767 287 2827 prima
301 2773 380 2828 parte
393 2767 535 2829 sequentis,
554 2765 599 2814 udi
615 2763 704 2813 Sidus
718 2771 816 2813 tantum
834 2765 958 2829 quaedam
973 2771 1046 2814 certa

92 2831 163 2881 rerba
177 2836 253 2885 initio
267 2849 397 2894 corsuum,
417 2838 485 2884 aetat
498 2853 521 2884 n.
536 2848 557 2886 e.
577 2833 812 2902 (communicatione
827 2832 861 2900 (i)
875 2849 922 2884 nou
936 2833 970 2902 (i)
985 2852 1007 2884 o.
1022 2847 1044 2886 s.

70 2935 72 2940 -
92 2899 145 2966 e(st)
158 2920 204 2967 quo
223 2907 319 2955 nomine
337 2923 360 2955 a,
375 2917 396 2957 5.
410 2907 534 2970 praedium
553 2909 639 2972 tepere
653 2908 753 2970 patuit,
776 2906 856 2956 Gaias
874 2907 977 2956 uidetur
997 2921 1044 2956 ea·

88 2976 200 3032 posuisse
214 2978 247 3026 de
260 2979 319 3026 iure
332 2979 480 3027 commercii
492 2984 517 3026 et
526 2979 631 3040 plenius
646 2978 747 3042 quidem
762 2993 837 3042 quam
855 2976 910 3041 Uip.
923 2987 1043 3036 19‚1t,15.
1062 2983 1067 2992 '

92 3041 304 3110 Mancipationem
317 3063 387 3108 aero,
401 3050 426 3097 si
439 3047 471 3097 ad
485 3063 524 3106 eo,
538 3049 640 3112 quicum
655 3051 696 3098 ius
705 3050 852 3098 commercii
864 3051 906 3105 sit,
920 3063 963 3096 res
973 3063 1043 3096 man-

92 3114 142 3176 cipi
154 3117 281 3183 mancipio
295 3121 451 3183 accipiatur,
465 3120 541 3168 etiam
555 3134 650 3168 nemum
663 3121 805 3178 continere,
819 3121 836 3168 i.
846 3135 868 3168 e.
883 3118 1043 3167 ascenditur

92 3186 169 3236 euicta
187 3205 217 3238 re
235 3192 401 3240 auctoritatis
420 3192 521 3240 nominc
539 3191 576 3239 ad
588 3191 694 3254 duplum
708 3192 822 3253 pretium
839 3188 986 3238 soluendum
1000 3187 1043 3236 ob-

92 3255 189 3317 Iipetur.
213 3260 326 3310 Invicem
335 3262 403 3310 iuris
417 3263 563 3310 commercii
572 3261 802 3317 camimunicatione
811 3261 890 3323 effici,
905 3265 933 3306 ut
943 3259 968 3307 si
978 3259 1044 3307 civis

93 3322 159 3376 Ram.
174 3347 190 3378 a
199 3334 343 3397 pereprino
358 3331 456 3381 liberae
470 3333 584 3381 ciuitatis
596 3333 736 3382 secundum
745 3332 954 3394 moreslepesaue
964 3343 1042 3392 pere·

90 3398 221 3456 primarum
234 3419 288 3452 rem
301 3411 379 3461 emat,
398 3402 567 3467 queaeritis
581 3402 680 3468 lepidus
694 3418 745 3466 per
759 3401 924 3450 auditionem
938 3399 1044 3464 acquiri

158 3533 183 3606 §-
198 3545 239 3592 ιε.
261 3545 299 3608 cf.
314 3558 334 3605 1,
349 3540 399 3594 21¹³.
454 3539 480 3612 §-
495 3547 551 3594 sse
573 3543 612 3607 cf.
625 3559 707 3607 supra
721 3545 745 3605 e.
760 3553 780 3594 ι.

142 3632 225 3680 time.
376 3637 379 3641 '
812 3633 829 3682 6
