2464 3978
225 198 288 259 144
419 234 423 246 .
516 215 575 250 unta
593 215 685 248 morra.
705 196 753 249 ΙΙΙ.
773 201 888 250 et-st,

222 346 285 402 dum
301 345 444 416 excedunt,
462 345 527 400 nilril
544 347 609 400 iuris
626 361 658 398 ex
674 343 735 417 lege
751 337 885 401 ’lralrent.¹
919 339 968 401 24.
985 343 1114 400 Similiter
1123 359 1165 397 noa

223 430 403 486 admittuntur
418 430 540 504 cognati,
556 431 603 502 qui
618 445 668 502 per
683 428 803 484 feminini
818 442 902 484 sexus
918 444 1051 502 personas
1067 429 1167 484 neaemi-

223 515 316 570 tudine
328 516 493 588 iunguntur,
509 514 575 569 adeo
592 511 710 586 quidem,
727 520 758 568 ut
772 529 823 569 nec
836 514 910 568 inter
925 521 1038 570 matrem
1054 521 1082 568 et
1098 510 1167 566 fitium

221 597 339 655 filiamue
366 599 439 654 ultro
466 601 591 670 citroque
620 596 777 653 hereditatis
806 597 955 670 capiendae
978 599 1020 653 ius
1043 603 1169 670 conpetat

220 692 409 756 praeterquam
424 685 447 738 si
468 699 517 757 per
533 683 560 736 in
580 697 686 736 manum
707 683 918 737 conuentionem
940 681 1170 756 consanguinitatis

221 769 278 822 iuro
294 769 366 823 inter
382 784 429 823 cos
445 758 646 823 constiterint.²

285 849 335 909 25.
359 851 410 907 Sed
427 853 477 907 irae
492 853 558 906 iuris
574 850 731 922 iniquitates
747 849 836 905 edicto
852 851 988 922 praetoris
1004 846 1169 906 emendatae
1213 875 1214 888 π

151 942 210 990 131.
220 944 294 996 sunt.
338 931 387 992 26.
411 935 476 991 llam
491 938 597 991 liberos
613 948 717 1002 omnes,
734 935 780 1006 qui
795 933 918 1006 legitimo
934 936 994 990 iure
1008 934 1170 997 deiciuntur,

223 1029 303 1075 noeat
326 1021 358 1075 ad
383 1020 560 1075 hereditatem
584 1017 699 1090 proinde
727 1033 758 1072 ao
784 1019 807 1072 si
830 1019 857 1073 in
880 1027 1019 1091 potestate
1043 1029 1170 1093 parentum

221 1106 315 1159 mortis
331 1112 454 1177 tempore
470 1103 595 1173 fuissent,
612 1105 671 1157 siue
686 1102 737 1156 soli
753 1103 819 1173 sint,
836 1104 894 1158 siue
906 1103 989 1160 etiam
1004 1107 1048 1158 sui
1059 1103 1170 1170 heredes,
1214 1117 1215 1132 ¹

220 1188 246 1244 id
261 1198 303 1243 est
315 1190 361 1261 qui
373 1189 400 1243 in
412 1196 549 1260 potestate
561 1187 646 1260 patris
655 1186 776 1257 luerunt,
786 1193 960 1243 concurrant.
983 1183 1031 1246 27.
1044 1187 1169 1261 Adpnatos
1215 1176 1216 1191 ¹

221 1280 310 1328 autem
326 1275 413 1346 capite
428 1272 583 1328 deminutos
594 1287 654 1341 ¹non
670 1270 790 1326 secundo
806 1271 892 1344 gradu
907 1279 972 1344 post
986 1289 1053 1328 suos
1069 1269 1169 1327 heredes
1215 1292 1216 1375 p

221 1365 310 1427 uocat,
326 1357 352 1411 id
369 1365 421 1428 est,
438 1373 492 1412 non
509 1373 542 1412 eo
558 1355 644 1428 gradu
659 1362 750 1424 uocat,
767 1372 821 1428 quo
837 1356 990 1430 perlegam
1005 1364 1168 1420 uocarentur,

220 1444 243 1496 si
260 1443 347 1514 capite
363 1443 458 1496 miranti
475 1457 530 1498 raon
552 1447 658 1502 essent;
682 1439 730 1493 sed
753 1441 833 1494 tertio
855 1441 1037 1512 proximitatis
1059 1441 1168 1496 nomine:

221 1526 284 1581 licet
300 1527 370 1580 enim
386 1527 481 1598 capitis
498 1525 683 1580 deminutione
698 1524 743 1578 ius
754 1523 904 1596 legitimum
917 1524 1094 1598 perdiderint,
1106 1531 1168 1580 certe

221 1610 394 1683 cognationis
409 1611 468 1665 iura
484 1611 617 1665 retinent:
632 1609 724 1680 itaque
739 1610 762 1663 si
775 1608 913 1681 quisalius
924 1610 970 1683 sit,
982 1611 1029 1682 qui
1045 1610 1167 1682 integrum

222 1695 265 1749 ius
281 1694 435 1767 agnationis
451 1693 571 1765 habebit,
594 1695 617 1747 is
633 1693 725 1766 potior
748 1694 810 1764 erit,
834 1693 938 1748 etiamsi
954 1693 1080 1766 longiore
1094 1691 1169 1766 gradu

222 1777 315 1834 luerit,
359 1774 410 1835 28.
433 1777 506 1836 ldem
523 1779 589 1834 iuris
605 1785 657 1848 est,
681 1783 712 1830 ut
728 1777 835 1849 quidam
851 1785 956 1850 putant,
972 1779 1074 1834 ineius
1089 1775 1168 1850 agnati

221 1879 352 1935 persona,
377 1865 422 1936 qui
446 1864 567 1936 proximo
590 1870 690 1936 agnato
714 1862 856 1916 omittente
879 1860 1072 1931 hereditatem,
1095 1859 1168 1916 nihilo

221 1949 307 2020 magis
322 1937 381 2002 iure
397 1947 519 2020 legitimo
542 1942 708 2012 admittitnr;
732 1945 779 2000 scd
802 1953 882 2016 sunt,
906 1947 952 2019 qui
974 1954 1085 2018 putant,
1107 1946 1168 2000 hunc
1214 1995 1215 2010 ,

221 2031 315 2086 eodem
332 2030 418 2104 gradu
434 2047 448 2085 a
465 2040 591 2104 praetore
606 2031 713 2104 uocari,
736 2045 791 2103 quo
813 2030 892 2086 etiam
908 2046 957 2103 per
971 2029 1062 2104 legem
1076 2029 1167 2104 agnatis
1214 2033 1215 2036 ’

206 2115 356 2170 .hereditas
379 2114 466 2170 datur.
511 2111 560 2171 29.
586 2114 712 2171 Feminae
732 2122 807 2170 certe
830 2124 951 2187 agnatae,
977 2131 1046 2187 quae
1067 2129 1167 2170 consan-

221 2201 382 2272 guineorum
406 2200 518 2274 gradum
542 2199 687 2269 excedunt,
710 2201 793 2254 tertio
816 2199 902 2270 gradu
919 2208 1062 2272 uocantur,
1086 2198 1166 2270 ialest,

221 2285 348 2356 sineque
369 2301 434 2342 suus
450 2286 531 2340 lieres
551 2301 640 2357 neque
662 2292 776 2356 agnatus
800 2283 874 2339 ullus
895 2283 957 2340 erit.
1002 2281 1056 2340 80.
1080 2281 1165 2338 llodem

221 2367 307 2440 gradu
323 2377 457 2426 uocantur
473 2371 553 2424 etiam
568 2385 615 2424 eae
631 2383 779 2441 personae,
797 2383 871 2440 quae
893 2383 942 2440 per
964 2367 1084 2424 lerninini
1097 2381 1166 2421 sexos

220 2468 351 2524 personas
366 2454 510 2526 copulatae
525 2460 598 2508 sunt.
640 2447 684 2508 31,
705 2451 795 2508 Liberi
812 2467 931 2525 quoque,
948 2453 1036 2524 quiin
1053 2451 1164 2523 adoptiua

221 2535 319 2592 familia
334 2546 415 2609 sunt,
439 2538 471 2593 ad
487 2537 649 2594 naturalium
665 2545 806 2608 parentum
824 2537 1001 2591 heredita-tem
1018 2536 1070 2592 troo
1083 2533 1163 2590 eodem
1172 2531 1206 2585 [²1⁴1

222 2620 307 2692 gradu
323 2631 467 2680 uocantur.

295 2769 314 2838 ¹)
330 2775 425 2824 habent'
438 2774 464 2823 0.
482 2773 618 2823 Fortasse:
632 2773 721 2821 habere
735 2771 859 2832 uidentur,
875 2773 936 2835 quio
950 2771 999 2822 doc
1014 2787 1065 2820 non
1079 2779 1126 2819 tam
1137 2783 1163 2818 et

221 2845 275 2906 lege
290 2859 365 2906 qoam
378 2860 413 2892 eac
427 2845 642 2907 interpretatione
656 2844 712 2892 eius
727 2841 850 2892 veniebat.
881 2842 919 2904 Os.
935 2843 958 2904 5.
974 2855 1008 2893 tt.
1024 2843 1117 2906 placuit.
1174 2831 1181 2848 ’

222 2909 243 2977 ²)
257 2912 380 2977 Sequitur
395 2916 464 2964 linea
479 2930 569 2964 vocata.

220 3011 368 3020 -—.—.-
373 3015 433 3020 ..-

291 3052 316 3122 5.
333 3059 375 3105 24.
398 3055 436 3118 Cf.
455 3055 510 3118 Uip.
526 3067 559 3114 99,
575 3068 594 3106 9.
612 3068 631 3106 s.
644 3071 687 3118 pr.
706 3055 725 3103 I.
741 3056 773 3104 de
787 3055 834 3104 SC.
855 3054 958 3103 Terenti.
974 3053 1007 3119 (9,
1017 3054 1048 3121 9).
1092 3051 1116 3122 5.
1130 3056 1163 3102 29.

137 3175 141 3186 ,
222 3127 260 3188 Cf.
272 3142 316 3189 pr.
332 3129 355 3188 9.
371 3128 440 3189 ofin.
461 3126 529 3176 Late
545 3127 606 3189 op.
622 3125 653 3190 (9,
669 3125 700 3191 9).
769 3123 793 3194 5.
809 3128 851 3176 26.
874 3126 911 3188 Cf.
928 3127 966 3186 55.
983 3137 1016 3176 ts.
1032 3137 1066 3177 eo.
1087 3127 1163 3175 Cottae

220 3208 254 3255 aa,
269 3210 288 3247 r.
304 3200 327 3259 9.
342 3209 363 3246 9.
388 3197 442 3261 Uip.
458 3209 527 3256 299.
552 3199 574 3259 5.
590 3209 610 3248 9.
626 3198 648 3246 Ι.
664 3199 696 3246 cte
710 3197 798 3246 iered.
814 3213 837 3260 q.
853 3197 885 3246 ab
900 3199 944 3245 int.
960 3194 992 3260 (9,
1008 3197 1039 3263 1).
1092 3193 1163 3264 §.tt

223 3266 291 3329 Gf.5
294 3279 349 3318 ,29
374 3267 428 3331 Uip.
439 3280 504 3321 299.
524 3268 595 3331 Epir.
611 3279 632 3332 2,
647 3281 667 3318 9.
683 3270 705 3329 5.
718 3280 737 3318 9.
748 3283 792 3331 pr.
808 3268 830 3317 I.
846 3269 1003 3317 desuescas.
1018 3284 1091 3333 copo.
1102 3265 1129 3332 (9
1138 3265 1162 3328 9)
1213 3269 1214 3294 l

219 3351 336 3398 snprat,
352 3349 398 3389 199.
467 3335 493 3404 5.
508 3340 550 3388 28.
577 3308 669 3401 Cfi'55.
685 3351 718 3388 12.
734 3350 768 3388 22.
787 3341 811 3400 5.
828 3351 847 3388 9.
867 3339 889 3388 I.
909 3339 941 3387 de
960 3341 1007 3402 lep.
1028 3355 1086 3403 opu.
1105 3352 1163 3386 suec.
1213 3299 1214 3366 l

221 3404 298 3470 (9,)9.
280 3405 427 3473 )..929
450 3408 527 3469 999.
543 3419 576 3457 99.
594 3409 770 3469 sunteas.
781 3413 829 3459 am
875 3406 958 3476 999.
981 3409 1097 3470 99999
1117 3407 1162 3538 pp.
1213 3383 1214 3450 l

221 3485 289 3530 299.
309 3477 594 3538 Epitw285a51
610 3477 762 3527 [91999999
779 3479 873 3578 cogn(
864 3478 937 3543 (9).9
988 3476 1131 3545 §.31:25

227 3543 243 3589 l.
259 3546 313 3592 eorl.
336 3546 374 3606 Cf.
390 3546 459 3607 Epir.
475 3549 491 3593 l.
507 3563 529 3594 c
