2464 3978
147 209 150 220 ¹
200 195 265 258 142
494 214 552 249 can
570 215 663 250 russia.
682 196 729 250 III.
751 203 863 250 11-15.

199 346 250 418 qui
264 348 350 400 etiam
366 348 575 418 consanguinei
593 353 741 414 uocantur,
766 361 818 402 neo
840 343 1005 416 requiritur,
1027 360 1059 398 an
1080 346 1152 398 etiam

198 436 310 484 matrem
325 427 434 484 eandem
450 428 609 498 habueriut;
626 431 690 485 item
702 437 817 503 patruus
831 429 923 483 iratris
934 426 990 483 lilio
1004 437 1032 484 et
1043 430 1152 484 inuicem

197 513 220 568 is
235 512 274 568 illi
289 520 405 586 agnatus
421 522 477 568 cst:
498 513 592 570 eodem
608 529 722 569 numero
742 521 807 569 sunt
824 513 920 568 iratres
936 513 1073 585 patrueles
1088 514 1153 568 inter

198 614 241 668 se,
269 597 295 652 id
321 605 363 652 est
389 599 435 670 qui
461 613 492 652 ea
514 597 621 654 duobus
643 597 769 652 tratribus
793 599 965 670 progenerati
989 606 1070 668 sunt,
1089 613 1153 669 quos

196 682 320 755 plerique
343 683 422 737 etiam
438 681 616 738 consobrinos
634 691 746 750 uocant3
770 697 821 754 qua
836 683 945 737 ratione
961 681 1065 736 scilicet
1079 683 1151 736 etiam

197 765 230 821 ad
251 767 343 838 plures
367 765 471 839 gradus,
490 767 641 840 agnationis
666 769 808 839 peruenire
830 767 991 838 poterimus.
1036 763 1075 822 ll.
1097 765 1152 820 Nou

198 858 289 906 tamen
312 849 437 905 omnihus
460 851 540 906 simul
563 852 669 924 agnatis
697 849 742 904 dat
770 851 813 906 lex
835 865 882 905 x11
905 849 1058 904 tabularum
1081 849 1151 904 here·

196 935 318 1005 illusioni,
337 934 384 990 sed
401 935 452 999 his,
470 936 516 1008 qui
532 944 600 1005 tum,
614 951 673 990 cum
690 943 795 990 certum
812 943 854 989 est
866 934 981 1004 aliquem
998 935 1150 989 intestatum

197 1019 363 1090 decessisse,
386 1021 509 1090 proximo
532 1019 617 1092 gradu
640 1027 711 1074 sunt.
764 1015 807 1076 12.
831 1019 886 1073 Nec
907 1019 934 1072 in
958 1033 991 1073 eo
1014 1019 1073 1073 iure
1094 1035 1149 1072 suc-

196 1103 285 1159 cessio
298 1110 357 1157 est:
380 1103 497 1175 ideoque
511 1103 533 1157 si
550 1113 666 1175 agnatus
678 1106 817 1176 proximus
834 1101 1010 1162 hereditatem
1027 1103 1149 1170 omiserit,

196 1187 241 1242 uel
263 1195 406 1259 antequam
430 1187 537 1257 adierit,
562 1187 725 1258 decesserit,
747 1185 925 1260 sequentihus
947 1185 1016 1242 nihil
1038 1188 1101 1242 iuris
1121 1202 1148 1240 ci
1174 1213 1178 1226 ·

195 1271 257 1345 lege
286 1273 426 1344 competit.
475 1267 520 1330 1³.
550 1271 613 1327 ldeo
637 1281 726 1328 autem
753 1289 808 1327 nou
831 1273 928 1326 mortis
950 1279 1074 1344 tempore
1095 1271 1147 1342 quis

193 1360 345 1426 mesenus
361 1352 486 1430 (fiolarii,
509 1357 681 1428 requirimus,
704 1357 751 1412 sed
773 1373 805 1412 eo
821 1364 956 1428 ternpore,
979 1364 1147 1428 quocertum

195 1441 292 1512 luerit,
309 1440 423 1512 aliquem
439 1442 598 1496 intestatum
614 1441 779 1509 decessisse,
795 1441 856 1512 quia
871 1441 970 1512 siquis
988 1446 1146 1496 testamento

192 1525 275 1596 facto
292 1524 453 1593 decesserit,
471 1524 566 1578 melius
582 1539 642 1580 esse
658 1527 747 1581 uisum
761 1533 816 1595 est,
834 1534 900 1579 tnnc
914 1523 964 1580 'erc
979 1517 1032 1578 iis¹
1054 1523 1144 1598 requiri

194 1609 355 1681 proximum,
381 1623 441 1662 cum
463 1617 567 1662 certum
584 1624 644 1664 esse
667 1611 798 1682 coeperit,
821 1610 955 1664 neminem
976 1623 1009 1662 ex
1026 1623 1057 1663 eo
1073 1614 1143 1662 testa·

195 1699 286 1747 mento
303 1691 363 1746 lora
380 1691 514 1748 heredem.
560 1689 604 1748 14.
630 1691 706 1760 Quod
722 1695 753 1748 ad
770 1693 882 1750 lemlnas
898 1701 988 1748 tamen
1004 1693 1108 1762 attinet,
1120 1689 1142 1743 in

126 1787 184 1835 129.
197 1777 249 1832 hoc
275 1778 333 1831 iure
354 1776 428 1832 aliud
447 1777 475 1831 in
495 1769 499 1851 l
519 1778 636 1850 ipsarum
666 1777 859 1834 hereditatibus
885 1776 1021 1848 capiendis
1044 1775 1141 1848 placuit,

194 1861 269 1916 aliud
280 1852 316 1914 ’in
333 1856 508 1916 ceterorum²
530 1861 562 1916 ab
586 1862 627 1916 his
644 1862 794 1934 capiendis:
818 1877 877 1916 nam
894 1861 1053 1916 seminarum
1069 1861 1140 1914 here-

194 1947 297 2000 ditates
314 1944 425 2015 perinde
441 1947 476 2000 ad
489 1961 539 2000 nos
556 1948 709 2018 agnationis
731 1949 788 2001 iure
809 1937 926 2000 reddunt
947 1951 1029 2016 atque
1050 1957 1141 1998 mascu-

195 2028 302 2097 lorum,
322 2035 437 2084 nostrae
454 2045 520 2084 uero
536 2029 699 2086 hereditates
720 2031 752 2085 ad
775 2030 887 2085 leminas
903 2027 977 2084 ultra
992 2026 1141 2100 consangui-

194 2127 308 2165 neorum
329 2111 445 2184 gradum
463 2129 519 2168 non
540 2115 693 2186 pertinent:
715 2116 807 2187 itaque
826 2129 906 2169 soror
928 2113 1005 2168 iratri
1029 2112 1141 2168 sororiae

193 2195 314 2269 legitima
334 2197 414 2251 heres
435 2207 493 2267 est,
514 2199 593 2252 amita
616 2215 682 2254 nero
699 2207 725 2253 et
749 2198 840 2252 iratris
861 2196 914 2252 filia
931 2197 1053 2270 legitima
1075 2196 1140 2251 heras

194 2297 254 2334 esse
272 2275 341 2354 (non
355 2289 464 2352 potest;
486 2287 599 2338 sororis
615 2291 711 2338 cutem
726 2285 807 2339 nobis
820 2285 885 2339 ioco
900 2273 957 2358 est)
973 2282 1053 2336 etiam
1065 2286 1142 2334 'mater

194 2373 240 2419 aut
263 2381 388 2434 nouerca,
415 2382 483 2438 quae
506 2383 555 2438 per
570 2368 597 2421 iri
613 2383 721 2422 manum
737 2368 945 2422 conuentionem
962 2368 1037 2438 apud
1049 2373 1140 2438 patrem

194 2455 318 2503 nostrum
334 2451 390 2504 iura
407 2447 477 2506 tiliae
493 2447 670 2506 ’consecuta³
685 2459 736 2506 est.
774 2448 819 2507 tn.
843 2451 870 2506 Si
886 2453 928 2525 ei,
944 2451 991 2522 qui
1006 2449 1140 2505 defunctus

194 2532 262 2602 erit,
281 2533 317 2588 sit
338 2533 423 2589 irater
443 2543 470 2590 et
487 2535 598 2590 ulterius
615 2535 704 2590 fratris
721 2533 807 2606 lilius,
828 2536 898 2590 sicut
913 2551 945 2589 ex
965 2531 1186 2607 superioribusttltl

267 2734 286 2803 ¹)
301 2753 348 2786 om.
366 2737 481 2788 Collatio.
498 2741 524 2787 in
539 2739 680 2803 archetypo
692 2739 790 2801 suerit:
812 2753 839 2786 cx
856 2739 885 2786 iis
901 2738 941 2802 qui
956 2745 1011 2786 tunc
1026 2744 1085 2786 sunt.

195 2805 216 2871 ²)
230 2808 308 2864 honis,
324 2809 392 2870 quod
407 2809 432 2857 0.
448 2816 473 2858 et
486 2811 544 2858 edd.
560 2811 666 2868 addunt,
684 2811 773 2859 Collot.
787 2810 848 2859 odd.
860 2811 991 2874 ignorant,
1006 2824 1057 2858 non
1068 2806 1139 2870 facile

192 2879 224 2925 de
239 2879 360 2941 legitimis
374 2879 544 2942 ingenuorum
558 2880 746 2930 hereditatibus
760 2881 871 2939 dicitur,
890 2881 979 2944 itaque
989 2895 1041 2943 pro
1053 2880 1138 2944 glosse-

192 2955 257 2996 mate
271 2947 414 2996 ltobendam
428 2955 472 2998 est.
529 2946 550 3015 ³)
568 2950 656 2999 Collat.
672 2959 757 3000 nancta
773 2951 799 3000 0.

191 3055 405 3064 ——.--—-..-—-

262 3122 1135 3193 §.1,t.=Cottot1o‚a.§.11.Cf.§.1.I.oit.Epir.a,s.§·t·

193 3197 283 3246 Cultor.
300 3209 333 3255 ro,
348 3209 368 3246 a.
385 3197 408 3258 §-
423 3209 456 3246 ιτ.
472 3199 495 3258 5.
506 3210 525 3247 a.
546 3197 631 3248 leod.
684 3196 710 3266 §-
723 3201 763 3248 12.
780 3221 813 3241 =
830 3201 919 3249 Gottot.
935 3211 969 3257 rs,
985 3201 1085 3260 s.§.1a.
1104 3193 1136 3255 Cf·

194 3267 421 3328 Cottar.1o‚s.§§.
437 3278 471 3317 as.
487 3279 520 3318 ro.
545 3267 600 3331 tltp.
615 3281 649 3325 ao,
664 3281 684 3319 a.
700 3273 722 3330 ς.
739 3282 758 3320 r.
778 3269 800 3318 I.
816 3271 871 3320 eod.
888 3269 917 3334 (a,
933 3269 964 3336 a).
1016 3265 1041 3337 ξ.
1057 3271 1095 3318 13.
1109 3284 1136 3306 ε

194 3337 283 3385 Cottae.
300 3340 406 3398 1o‚a.§.
423 3351 455 3388 m.
478 3338 515 3400 Cf.
531 3340 553 3398 ξ.
570 3350 589 3388 o.
606 3337 627 3385 I.
643 3341 686 3386 eir.
736 3337 762 3406 ξ.
780 3344 820 3390 14.
837 3363 870 3382 =
888 3339 977 3390 Cottot.
993 3353 1026 3398 ro,
1040 3351 1060 3388 2.
1074 3341 1095 3399 ξ.
1108 3347 1135 3386 tt-

195 3407 233 3466 Cf.
249 3407 319 3468 Epir.
334 3418 355 3463 a,
371 3419 391 3456 s.
411 3409 450 3468 ἐξ.
465 3419 486 3457 n.
502 3420 522 3457 c.
546 3407 601 3468 Uip.
617 3420 651 3464 aa,
666 3421 686 3458 s.
709 3409 797 3458 Cottae.
814 3423 847 3469 ro,
858 3423 878 3460 a.
894 3413 1064 3472 §§.1a.so.aa.
1080 3415 1135 3462 ror.

193 3476 215 3528 i.
231 3489 250 3524 1.
267 3479 290 3535 ξ.
305 3475 434 3525 steort.
450 3475 481 3542 (a.
495 3476 526 3542 2).
591 3473 616 3542 §-
635 3479 1002 3542 15.=Collot.16,2.§.1n.
1024 3480 1061 3542 Cf.
1074 3477 1134 3539 upu-

229 3556 248 3592 s.
265 3547 287 3604 ξ.
303 3555 323 3593 n.
346 3545 434 3593 Oottnt.
451 3558 484 3603 16,
499 3559 518 3596 a.
535 3548 556 3606 ξ.
573 3559 605 3596 1s.
621 3548 644 3605 ξ.
659 3557 678 3597 a.
699 3547 792 3600 leod.
