<?xml version="1.0" encoding="UTF-8"?>
<!DOCTYPE html PUBLIC "-//W3C//DTD XHTML 1.0 Transitional//EN"
    "http://www.w3.org/TR/xhtml1/DTD/xhtml1-transitional.dtd">
<html xmlns="http://www.w3.org/1999/xhtml" xml:lang="en" lang="en">
 <head>
  <title>
</title>
<meta http-equiv="Content-Type" content="text/html;charset=utf-8" />
  <meta name='ocr-system' content='tesseract 3.04.00' />
  <meta name='ocr-capabilities' content='ocr_page ocr_carea ocr_par ocr_line ocrx_word'/>
</head>
<body>
  <div class='ocr_page' id='page_1' title='image "./gaiiinstitution00huscgoog_0056.png"; bbox 0 0 2496 3984; ppageno 0'>
   <div class='ocr_carea' id='block_1_1' title="bbox 371 194 1018 257">
    <p class='ocr_par' dir='ltr' id='par_1_1' title="bbox 371 194 1018 257">
     <span class='ocr_line' id='line_1_1' title="bbox 371 194 1018 257; baseline 0 -9"><span class='ocrx_word' id='word_1_1' title='bbox 371 214 428 248; x_wconf 79' lang='lat' dir='ltr'><strong>narr</strong></span> <span class='ocrx_word' id='word_1_2' title='bbox 446 213 539 248; x_wconf 83' lang='lat' dir='ltr'><strong>ruarrr.</strong></span> <span class='ocrx_word' id='word_1_3' title='bbox 559 195 580 248; x_wconf 93' lang='grc' dir='ltr'><strong>Ι.</strong></span> <span class='ocrx_word' id='word_1_4' title='bbox 600 201 713 250; x_wconf 76' lang='lat'>88-92.</span> <span class='ocrx_word' id='word_1_5' title='bbox 975 194 1018 257; x_wconf 84' lang='lat'><strong>49</strong></span> 
     </span>
    </p>
   </div>
   <div class='ocr_carea' id='block_1_2' title="bbox 12 342 1078 2777">
    <p class='ocr_par' dir='ltr' id='par_1_2' title="bbox 49 342 1020 501">
     <span class='ocr_line' id='line_1_2' title="bbox 49 342 1019 416; baseline 0.001 -18"><span class='ocrx_word' id='word_1_6' title='bbox 49 344 162 400; x_wconf 81' lang='lat' dir='ltr'><strong>festum</strong></span> <span class='ocrx_word' id='word_1_7' title='bbox 179 351 230 398; x_wconf 87' lang='lat' dir='ltr'><strong>cst.</strong></span> <span class='ocrx_word' id='word_1_8' title='bbox 267 350 295 397; x_wconf 90' lang='lat' dir='ltr'><strong>et</strong></span> <span class='ocrx_word' id='word_1_9' title='bbox 317 343 377 416; x_wconf 78' lang='lat' dir='ltr'><strong>ileu</strong></span> <span class='ocrx_word' id='word_1_10' title='bbox 394 345 519 416; x_wconf 87' lang='lat' dir='ltr'><strong>superius</strong></span> <span class='ocrx_word' id='word_1_11' title='bbox 537 343 709 415; x_wconf 78' lang='lat' dir='ltr'><strong>rettulimus,</strong></span> <span class='ocrx_word' id='word_1_12' title='bbox 732 342 890 416; x_wconf 85' lang='lat' dir='ltr'><strong>quibusdam</strong></span> <span class='ocrx_word' id='word_1_13' title='bbox 911 343 1019 400; x_wconf 76' lang='lat' dir='ltr'>casibus</span> 
     </span>
     <span class='ocr_line' id='line_1_3' title="bbox 49 429 1020 501; baseline 0 -17"><span class='ocrx_word' id='word_1_14' title='bbox 49 445 106 501; x_wconf 88' lang='lat' dir='ltr'><strong>per</strong></span> <span class='ocrx_word' id='word_1_15' title='bbox 129 443 252 483; x_wconf 90' lang='lat' dir='ltr'><strong>errorem</strong></span> <span class='ocrx_word' id='word_1_16' title='bbox 272 443 328 482; x_wconf 88' lang='lat' dir='ltr'><strong>non</strong></span> <span class='ocrx_word' id='word_1_17' title='bbox 347 429 421 483; x_wconf 89' lang='lat' dir='ltr'><strong>iusto</strong></span> <span class='ocrx_word' id='word_1_18' title='bbox 442 437 581 484; x_wconf 87' lang='lat' dir='ltr'><strong>contracto</strong></span> <span class='ocrx_word' id='word_1_19' title='bbox 601 429 772 483; x_wconf 90' lang='lat' dir='ltr'><strong>matrimonio</strong></span> <span class='ocrx_word' id='word_1_20' title='bbox 793 435 917 482; x_wconf 87' lang='lat' dir='ltr'><strong>serratum</strong></span> <span class='ocrx_word' id='word_1_21' title='bbox 937 429 1020 484; x_wconf 89' lang='lat' dir='ltr'><strong>inter·</strong></span> 
     </span>
    </p>

    <p class='ocr_par' dir='ltr' id='par_1_3' title="bbox 14 509 1072 1092">
     <span class='ocr_line' id='line_1_4' title="bbox 14 509 1020 584; baseline -0.002 -16"><span class='ocrx_word' id='word_1_22' title='bbox 14 539 18 544; x_wconf 94' lang='lat'><em>·</em></span> <span class='ocrx_word' id='word_1_23' title='bbox 49 513 155 568; x_wconf 89' lang='lat' dir='ltr'><strong>uenire</strong></span> <span class='ocrx_word' id='word_1_24' title='bbox 178 519 206 566; x_wconf 93' lang='lat' dir='ltr'><strong>et</strong></span> <span class='ocrx_word' id='word_1_25' title='bbox 228 509 371 567; x_wconf 88' lang='lat' dir='ltr'><strong>emendare</strong></span> <span class='ocrx_word' id='word_1_26' title='bbox 388 511 483 567; x_wconf 90' lang='lat' dir='ltr'><strong>uitium</strong></span> <span class='ocrx_word' id='word_1_27' title='bbox 499 513 670 582; x_wconf 76' lang='lat' dir='ltr'><strong>matrimonii,</strong></span> <span class='ocrx_word' id='word_1_28' title='bbox 692 529 780 584; x_wconf 89' lang='lat' dir='ltr'><strong>eoque</strong></span> <span class='ocrx_word' id='word_1_29' title='bbox 795 512 876 567; x_wconf 88' lang='lat' dir='ltr'><strong>modo</strong></span> <span class='ocrx_word' id='word_1_30' title='bbox 891 511 1020 584; x_wconf 82' lang='lat' dir='ltr'><strong>&#39;plerum-</strong></span> 
     </span>
     <span class='ocr_line' id='line_1_5' title="bbox 50 591 1019 670; baseline 0.001 -19"><span class='ocrx_word' id='word_1_31' title='bbox 50 591 134 669; x_wconf 86' lang='lat' dir='ltr'><strong>que1</strong></span> <span class='ocrx_word' id='word_1_32' title='bbox 150 593 271 668; x_wconf 88' lang='lat' dir='ltr'><strong>efficere,</strong></span> <span class='ocrx_word' id='word_1_33' title='bbox 286 602 317 652; x_wconf 88' lang='lat' dir='ltr'><strong>ut</strong></span> <span class='ocrx_word' id='word_1_34' title='bbox 331 597 358 652; x_wconf 91' lang='lat' dir='ltr'><strong>iu</strong></span> <span class='ocrx_word' id='word_1_35' title='bbox 369 603 532 669; x_wconf 86' lang='lat' dir='ltr'><strong>potestatem</strong></span> <span class='ocrx_word' id='word_1_36' title='bbox 548 598 631 669; x_wconf 91' lang='lat' dir='ltr'><strong>patris</strong></span> <span class='ocrx_word' id='word_1_37' title='bbox 640 594 712 651; x_wconf 88' lang='lat' dir='ltr'><strong>lilius</strong></span> <span class='ocrx_word' id='word_1_38' title='bbox 723 596 872 670; x_wconf 74' lang='lat' dir='ltr'><strong>redigatur.</strong></span> <span class='ocrx_word' id='word_1_39' title='bbox 903 593 953 653; x_wconf 86' lang='grc'><strong>88.</strong></span> <span class='ocrx_word' id='word_1_40' title='bbox 968 596 1019 652; x_wconf 88' lang='lat' dir='ltr'><strong>Sed</strong></span> 
     </span>
     <span class='ocr_line' id='line_1_6' title="bbox 52 679 1020 754; baseline 0.001 -19"><span class='ocrx_word' id='word_1_41' title='bbox 52 683 80 736; x_wconf 90' lang='lat' dir='ltr'><strong>si</strong></span> <span class='ocrx_word' id='word_1_42' title='bbox 98 679 197 736; x_wconf 84' lang='lat' dir='ltr'><strong>ancilla</strong></span> <span class='ocrx_word' id='word_1_43' title='bbox 213 696 245 736; x_wconf 81' lang='lat' dir='ltr'><strong>er</strong></span> <span class='ocrx_word' id='word_1_44' title='bbox 261 681 320 736; x_wconf 92' lang='lat' dir='ltr'><strong>ciue</strong></span> <span class='ocrx_word' id='word_1_45' title='bbox 334 679 456 736; x_wconf 85' lang='lat' dir='ltr'><strong>Romano</strong></span> <span class='ocrx_word' id='word_1_46' title='bbox 471 683 643 754; x_wconf 83' lang='lat' dir='ltr'><strong>conceperit,</strong></span> <span class='ocrx_word' id='word_1_47' title='bbox 664 680 761 736; x_wconf 84' lang='lat' dir='ltr'><strong>deiude</strong></span> <span class='ocrx_word' id='word_1_48' title='bbox 776 681 938 736; x_wconf 87' lang='lat' dir='ltr'><strong>manumissa</strong></span> <span class='ocrx_word' id='word_1_49' title='bbox 954 683 1020 736; x_wconf 91' lang='lat' dir='ltr'><strong>ciuis</strong></span> 
     </span>
     <span class='ocr_line' id='line_1_7' title="bbox 52 764 1060 839; baseline 0 -19"><span class='ocrx_word' id='word_1_50' title='bbox 52 765 180 820; x_wconf 87' lang='lat' dir='ltr'><strong>Romana</strong></span> <span class='ocrx_word' id='word_1_51' title='bbox 196 764 265 820; x_wconf 84' lang='lat' dir='ltr'><strong>iacta</strong></span> <span class='ocrx_word' id='word_1_52' title='bbox 279 764 332 836; x_wconf 89' lang='lat' dir='ltr'><strong>sit,</strong></span> <span class='ocrx_word' id='word_1_53' title='bbox 353 777 381 820; x_wconf 91' lang='lat' dir='ltr'><strong>et</strong></span> <span class='ocrx_word' id='word_1_54' title='bbox 396 772 461 820; x_wconf 90' lang='lat' dir='ltr'><strong>tunc</strong></span> <span class='ocrx_word' id='word_1_55' title='bbox 475 767 577 838; x_wconf 90' lang='lat' dir='ltr'><strong>pariat,</strong></span> <span class='ocrx_word' id='word_1_56' title='bbox 598 765 663 821; x_wconf 92' lang='lat' dir='ltr'><strong>licet</strong></span> <span class='ocrx_word' id='word_1_57' title='bbox 685 767 753 820; x_wconf 87' lang='lat' dir='ltr'><strong>ciuis</strong></span> <span class='ocrx_word' id='word_1_58' title='bbox 767 765 902 820; x_wconf 85' lang='lat' dir='ltr'><strong>Romanus</strong></span> <span class='ocrx_word' id='word_1_59' title='bbox 922 767 959 820; x_wconf 86' lang='lat' dir='ltr'><strong>sit</strong></span> <span class='ocrx_word' id='word_1_60' title='bbox 974 767 1020 839; x_wconf 84' lang='lat' dir='ltr'><strong>qui</strong></span> <span class='ocrx_word' id='word_1_61' title='bbox 1049 781 1060 804; x_wconf 87' lang='lat'><strong>·</strong></span> 
     </span>
     <span class='ocr_line' id='line_1_8' title="bbox 52 847 1072 923; baseline 0 -19"><span class='ocrx_word' id='word_1_62' title='bbox 52 849 194 918; x_wconf 86' lang='lat' dir='ltr'><strong>nascitur,</strong></span> <span class='ocrx_word' id='word_1_63' title='bbox 213 847 218 920; x_wconf 91' lang='grc' dir='ltr'>Ι</span> <span class='ocrx_word' id='word_1_64' title='bbox 238 849 309 906; x_wconf 92' lang='lat' dir='ltr'><strong>sicut</strong></span> <span class='ocrx_word' id='word_1_65' title='bbox 323 857 399 923; x_wconf 88' lang='lat' dir='ltr'><strong>pater</strong></span> <span class='ocrx_word' id='word_1_66' title='bbox 414 851 481 918; x_wconf 86' lang='lat' dir='ltr'><strong>eius,</strong></span> <span class='ocrx_word' id='word_1_67' title='bbox 498 856 658 905; x_wconf 89' lang='lat' dir='ltr'><strong>nontamen</strong></span> <span class='ocrx_word' id='word_1_68' title='bbox 674 849 701 904; x_wconf 94' lang='lat' dir='ltr'><strong>in</strong></span> <span class='ocrx_word' id='word_1_69' title='bbox 716 851 952 922; x_wconf 85' lang='lat' dir='ltr'><strong>potestatepatris</strong></span> <span class='ocrx_word' id='word_1_70' title='bbox 968 860 1021 922; x_wconf 88' lang='lat' dir='ltr'><strong>est,</strong></span> <span class='ocrx_word' id='word_1_71' title='bbox 1031 859 1072 906; x_wconf 81' lang='lat'><strong>24.</strong></span> 
     </span>
     <span class='ocr_line' id='line_1_9' title="bbox 52 934 1020 1007; baseline 0.002 -19"><span class='ocrx_word' id='word_1_72' title='bbox 52 935 119 1006; x_wconf 85' lang='lat' dir='ltr'><strong>quia</strong></span> <span class='ocrx_word' id='word_1_73' title='bbox 148 949 240 1004; x_wconf 87' lang='lat' dir='ltr'><strong>neque</strong></span> <span class='ocrx_word' id='word_1_74' title='bbox 269 949 301 988; x_wconf 84' lang='lat' dir='ltr'><strong>ex</strong></span> <span class='ocrx_word' id='word_1_75' title='bbox 328 934 402 988; x_wconf 89' lang='lat' dir='ltr'><strong>iusto</strong></span> <span class='ocrx_word' id='word_1_76' title='bbox 429 935 504 988; x_wconf 89' lang='lat' dir='ltr'><strong>coitu</strong></span> <span class='ocrx_word' id='word_1_77' title='bbox 533 942 681 1007; x_wconf 86' lang='lat' dir='ltr'><strong>conceptus</strong></span> <span class='ocrx_word' id='word_1_78' title='bbox 708 943 764 1004; x_wconf 88' lang='lat' dir='ltr'><strong>est,</strong></span> <span class='ocrx_word' id='word_1_79' title='bbox 792 951 881 1006; x_wconf 89' lang='lat' dir='ltr'><strong>neque</strong></span> <span class='ocrx_word' id='word_1_80' title='bbox 909 951 941 989; x_wconf 85' lang='lat' dir='ltr'><strong>er</strong></span> <span class='ocrx_word' id='word_1_81' title='bbox 963 934 1020 990; x_wconf 92' lang='lat' dir='ltr'><strong>ullo</strong></span> 
     </span>
     <span class='ocr_line' id='line_1_10' title="bbox 53 1017 876 1092; baseline -0.001 -20"><span class='ocrx_word' id='word_1_82' title='bbox 53 1017 301 1072; x_wconf 86' lang='lat' dir='ltr'><strong>senatusconsulto</strong></span> <span class='ocrx_word' id='word_1_83' title='bbox 318 1017 378 1072; x_wconf 88' lang='lat' dir='ltr'><strong>talis</strong></span> <span class='ocrx_word' id='word_1_84' title='bbox 394 1019 481 1074; x_wconf 90' lang='lat' dir='ltr'><strong>coitus</strong></span> <span class='ocrx_word' id='word_1_85' title='bbox 497 1020 573 1092; x_wconf 88' lang='lat' dir='ltr'><strong>quasi</strong></span> <span class='ocrx_word' id='word_1_86' title='bbox 588 1019 677 1074; x_wconf 89' lang='lat' dir='ltr'><strong>iustus</strong></span> <span class='ocrx_word' id='word_1_87' title='bbox 692 1019 876 1074; x_wconf 84' lang='lat' dir='ltr'><strong>constituitur.</strong></span> 
     </span>
    </p>

    <p class='ocr_par' dir='ltr' id='par_1_4' title="bbox 59 1097 1023 1512">
     <span class='ocr_line' id='line_1_11' title="bbox 121 1097 1021 1174; baseline 0 -16"><span class='ocrx_word' id='word_1_88' title='bbox 121 1097 175 1158; x_wconf 83' lang='grc'><strong>89.</strong></span> <span class='ocrx_word' id='word_1_89' title='bbox 197 1099 276 1168; x_wconf 83' lang='lat' dir='ltr'><strong>Quod</strong></span> <span class='ocrx_word' id='word_1_90' title='bbox 297 1109 385 1157; x_wconf 88' lang='lat' dir='ltr'><strong>autern</strong></span> <span class='ocrx_word' id='word_1_91' title='bbox 407 1101 517 1174; x_wconf 80' lang='lat' dir='ltr'><strong>placuit,</strong></span> <span class='ocrx_word' id='word_1_92' title='bbox 542 1105 565 1159; x_wconf 92' lang='lat' dir='ltr'><strong>si</strong></span> <span class='ocrx_word' id='word_1_93' title='bbox 580 1103 676 1160; x_wconf 89' lang='lat' dir='ltr'><strong>ancilla</strong></span> <span class='ocrx_word' id='word_1_94' title='bbox 692 1119 724 1158; x_wconf 80' lang='lat' dir='ltr'><strong>ex</strong></span> <span class='ocrx_word' id='word_1_95' title='bbox 740 1105 799 1160; x_wconf 87' lang='lat' dir='ltr'><strong>ciue</strong></span> <span class='ocrx_word' id='word_1_96' title='bbox 814 1103 934 1159; x_wconf 86' lang='lat' dir='ltr'><strong>Romano</strong></span> <span class='ocrx_word' id='word_1_97' title='bbox 957 1119 1021 1159; x_wconf 93' lang='lat' dir='ltr'><strong>con·</strong></span> 
     </span>
     <span class='ocr_line' id='line_1_12' title="bbox 59 1184 1021 1261; baseline 0.002 -21"><span class='ocrx_word' id='word_1_98' title='bbox 59 1187 178 1258; x_wconf 91' lang='lat' dir='ltr'><strong>ceperit,</strong></span> <span class='ocrx_word' id='word_1_99' title='bbox 201 1184 297 1241; x_wconf 89' lang='lat' dir='ltr'><strong>deinde</strong></span> <span class='ocrx_word' id='word_1_100' title='bbox 320 1187 483 1242; x_wconf 85' lang='lat' dir='ltr'><strong>manumissa</strong></span> <span class='ocrx_word' id='word_1_101' title='bbox 505 1189 663 1260; x_wconf 81' lang='lat' dir='ltr'><strong>pepererit,</strong></span> <span class='ocrx_word' id='word_1_102' title='bbox 687 1188 732 1261; x_wconf 91' lang='lat' dir='ltr'><strong>qui</strong></span> <span class='ocrx_word' id='word_1_103' title='bbox 755 1187 884 1258; x_wconf 87' lang='lat' dir='ltr'><strong>nascitur,</strong></span> <span class='ocrx_word' id='word_1_104' title='bbox 907 1187 1021 1242; x_wconf 86' lang='lat' dir='ltr'><strong>liberum</strong></span> 
     </span>
     <span class='ocr_line' id='line_1_13' title="bbox 60 1261 1022 1348; baseline 0.001 -25"><span class='ocrx_word' id='word_1_105' title='bbox 60 1271 147 1342; x_wconf 85' lang='lat' dir='ltr'><strong>nasci,</strong></span> <span class='ocrx_word' id='word_1_106' title='bbox 164 1261 309 1348; x_wconf 83' lang='lat' dir='ltr'><strong>(aa)turali</strong></span> <span class='ocrx_word' id='word_1_107' title='bbox 325 1269 432 1325; x_wconf 87' lang='lat' dir='ltr'><strong>ratione</strong></span> <span class='ocrx_word' id='word_1_108' title='bbox 448 1269 494 1338; x_wconf 85' lang='lat' dir='ltr'><strong>fir;</strong></span> <span class='ocrx_word' id='word_1_109' title='bbox 511 1277 570 1326; x_wconf 84' lang='lat' dir='ltr'><strong>nam</strong></span> <span class='ocrx_word' id='word_1_110' title='bbox 588 1273 630 1341; x_wconf 82' lang='grc' dir='ltr'><strong>ω’,</strong></span> <span class='ocrx_word' id='word_1_111' title='bbox 647 1275 692 1344; x_wconf 89' lang='lat' dir='ltr'><strong>qui</strong></span> <span class='ocrx_word' id='word_1_112' title='bbox 708 1270 849 1344; x_wconf 84' lang='lat' dir='ltr'><strong>illegitime</strong></span> <span class='ocrx_word' id='word_1_113' title='bbox 865 1271 1022 1343; x_wconf 89' lang='lat' dir='ltr'><strong>concipiun-</strong></span> 
     </span>
     <span class='ocr_line' id='line_1_14' title="bbox 62 1355 1022 1428; baseline 0 -20"><span class='ocrx_word' id='word_1_114' title='bbox 62 1363 119 1424; x_wconf 90' lang='lat' dir='ltr'><strong>tur,</strong></span> <span class='ocrx_word' id='word_1_115' title='bbox 143 1360 242 1410; x_wconf 84' lang='lat' dir='ltr'><strong>statum</strong></span> <span class='ocrx_word' id='word_1_116' title='bbox 264 1363 375 1410; x_wconf 86' lang='lat' dir='ltr'><strong>sumunt</strong></span> <span class='ocrx_word' id='word_1_117' title='bbox 391 1371 423 1409; x_wconf 83' lang='lat' dir='ltr'><strong>er</strong></span> <span class='ocrx_word' id='word_1_118' title='bbox 439 1371 471 1410; x_wconf 89' lang='lat' dir='ltr'><strong>co</strong></span> <span class='ocrx_word' id='word_1_119' title='bbox 488 1364 622 1428; x_wconf 88' lang='lat' dir='ltr'><strong>tempore,</strong></span> <span class='ocrx_word' id='word_1_120' title='bbox 640 1371 695 1427; x_wconf 88' lang='lat' dir='ltr'><strong>quo</strong></span> <span class='ocrx_word' id='word_1_121' title='bbox 711 1362 875 1421; x_wconf 86' lang='lat' dir='ltr'><strong>uascurrtur·;</strong></span> <span class='ocrx_word' id='word_1_122' title='bbox 892 1356 983 1427; x_wconf 88' lang='lat' dir='ltr'><strong>itaque</strong></span> <span class='ocrx_word' id='word_1_123' title='bbox 999 1355 1022 1409; x_wconf 92' lang='lat' dir='ltr'><strong>si</strong></span> 
     </span>
     <span class='ocr_line' id='line_1_15' title="bbox 62 1436 1023 1512; baseline -0.001 -19"><span class='ocrx_word' id='word_1_124' title='bbox 62 1454 93 1493; x_wconf 80' lang='lat' dir='ltr'><strong>ex</strong></span> <span class='ocrx_word' id='word_1_125' title='bbox 111 1436 195 1494; x_wconf 86' lang='lat' dir='ltr'><strong>libera</strong></span> <span class='ocrx_word' id='word_1_126' title='bbox 209 1447 373 1509; x_wconf 90' lang='lat' dir='ltr'><strong>nascuntur,</strong></span> <span class='ocrx_word' id='word_1_127' title='bbox 394 1437 472 1494; x_wconf 91' lang='lat' dir='ltr'><strong>liberi</strong></span> <span class='ocrx_word' id='word_1_128' title='bbox 487 1437 574 1509; x_wconf 88' lang='lat' dir='ltr'><strong>fiunt,</strong></span> <span class='ocrx_word' id='word_1_129' title='bbox 590 1456 640 1494; x_wconf 88' lang='lat' dir='ltr'><strong>nec</strong></span> <span class='ocrx_word' id='word_1_130' title='bbox 655 1439 784 1506; x_wconf 87' lang='lat' dir='ltr'><strong>interest,</strong></span> <span class='ocrx_word' id='word_1_131' title='bbox 806 1455 839 1494; x_wconf 84' lang='lat' dir='ltr'><strong>er</strong></span> <span class='ocrx_word' id='word_1_132' title='bbox 859 1455 913 1512; x_wconf 88' lang='lat' dir='ltr'><strong>quo</strong></span> <span class='ocrx_word' id='word_1_133' title='bbox 937 1447 1023 1494; x_wconf 87' lang='lat' dir='ltr'><strong>mater</strong></span> 
     </span>
    </p>

    <p class='ocr_par' dir='ltr' id='par_1_5' title="bbox 12 1522 1078 2777">
     <span class='ocr_line' id='line_1_16' title="bbox 12 1522 1022 1596; baseline 0.004 -22"><span class='ocrx_word' id='word_1_134' title='bbox 12 1529 47 1574; x_wconf 79' lang='lat'><strong>23]</strong></span> <span class='ocrx_word' id='word_1_135' title='bbox 60 1539 108 1577; x_wconf 89' lang='lat' dir='ltr'><strong>eos</strong></span> <span class='ocrx_word' id='word_1_136' title='bbox 126 1524 300 1596; x_wconf 86' lang='lat' dir='ltr'><strong>conceperit,</strong></span> <span class='ocrx_word' id='word_1_137' title='bbox 322 1539 383 1578; x_wconf 92' lang='lat' dir='ltr'><strong>cum</strong></span> <span class='ocrx_word' id='word_1_138' title='bbox 399 1522 493 1578; x_wconf 86' lang='lat' dir='ltr'><strong>ancilla</strong></span> <span class='ocrx_word' id='word_1_139' title='bbox 509 1523 604 1579; x_wconf 86' lang='lat' dir='ltr'><strong>suerit:</strong></span> <span class='ocrx_word' id='word_1_140' title='bbox 628 1532 655 1580; x_wconf 91' lang='lat' dir='ltr'><strong>at</strong></span> <span class='ocrx_word' id='word_1_141' title='bbox 671 1524 713 1595; x_wconf 90' lang='lat' dir='ltr'><strong>hi,</strong></span> <span class='ocrx_word' id='word_1_142' title='bbox 735 1525 781 1596; x_wconf 90' lang='lat' dir='ltr'><strong>qui</strong></span> <span class='ocrx_word' id='word_1_143' title='bbox 797 1523 917 1596; x_wconf 80' lang='lat' dir='ltr'><strong>legitime</strong></span> <span class='ocrx_word' id='word_1_144' title='bbox 932 1525 1022 1578; x_wconf 90' lang='lat' dir='ltr'><strong>conci·</strong></span> 
     </span>
     <span class='ocr_line' id='line_1_17' title="bbox 56 1603 1021 1680; baseline -0.001 -18"><span class='ocrx_word' id='word_1_145' title='bbox 56 1609 186 1680; x_wconf 89' lang='lat' dir='ltr'><strong>piuntur,</strong></span> <span class='ocrx_word' id='word_1_146' title='bbox 202 1623 235 1662; x_wconf 84' lang='lat' dir='ltr'><strong>ex</strong></span> <span class='ocrx_word' id='word_1_147' title='bbox 248 1607 433 1680; x_wconf 82' lang='lat' dir='ltr'><strong>conceptionis</strong></span> <span class='ocrx_word' id='word_1_148' title='bbox 449 1614 572 1680; x_wconf 85' lang='lat' dir='ltr'><strong>tempore</strong></span> <span class='ocrx_word' id='word_1_149' title='bbox 586 1615 685 1679; x_wconf 88' lang='lat' dir='ltr'><strong>statum</strong></span> <span class='ocrx_word' id='word_1_150' title='bbox 701 1616 821 1663; x_wconf 85' lang='lat' dir='ltr'><strong>sumunt.</strong></span> <span class='ocrx_word' id='word_1_151' title='bbox 858 1603 908 1666; x_wconf 85' lang='grc'><strong>90.</strong></span> <span class='ocrx_word' id='word_1_152' title='bbox 929 1607 1021 1680; x_wconf 91' lang='lat' dir='ltr'><strong>ltaque</strong></span> 
     </span>
     <span class='ocr_line' id='line_1_18' title="bbox 56 1690 1022 1766; baseline 0 -20"><span class='ocrx_word' id='word_1_153' title='bbox 56 1694 80 1746; x_wconf 90' lang='lat' dir='ltr'><strong>si</strong></span> <span class='ocrx_word' id='word_1_154' title='bbox 102 1695 152 1746; x_wconf 82' lang='lat' dir='ltr'><strong>cui</strong></span> <span class='ocrx_word' id='word_1_155' title='bbox 172 1691 277 1746; x_wconf 85' lang='lat' dir='ltr'><strong>mulieri</strong></span> <span class='ocrx_word' id='word_1_156' title='bbox 299 1692 351 1746; x_wconf 91' lang='lat' dir='ltr'><strong>ciui</strong></span> <span class='ocrx_word' id='word_1_157' title='bbox 372 1690 507 1748; x_wconf 89' lang='lat' dir='ltr'><strong>Romanae</strong></span> <span class='ocrx_word' id='word_1_158' title='bbox 530 1694 690 1766; x_wconf 80' lang='lat' dir='ltr'><strong>praegnanti</strong></span> <span class='ocrx_word' id='word_1_159' title='bbox 716 1708 785 1765; x_wconf 87' lang='lat' dir='ltr'><strong>aqua</strong></span> <span class='ocrx_word' id='word_1_160' title='bbox 812 1699 839 1746; x_wconf 91' lang='lat' dir='ltr'><strong>et</strong></span> <span class='ocrx_word' id='word_1_161' title='bbox 860 1693 917 1765; x_wconf 89' lang='lat' dir='ltr'><strong>igni</strong></span> <span class='ocrx_word' id='word_1_162' title='bbox 938 1692 1022 1746; x_wconf 85' lang='lat' dir='ltr'><strong>inter·</strong></span> 
     </span>
     <span class='ocr_line' id='line_1_19' title="bbox 56 1769 1021 1848; baseline -0.004 -16"><span class='ocrx_word' id='word_1_163' title='bbox 56 1777 164 1832; x_wconf 92' lang='lat' dir='ltr'><strong>dictum</strong></span> <span class='ocrx_word' id='word_1_164' title='bbox 181 1775 273 1846; x_wconf 88' lang='lat' dir='ltr'><strong>luerit,</strong></span> <span class='ocrx_word' id='word_1_165' title='bbox 290 1791 378 1848; x_wconf 89' lang='lat' dir='ltr'><strong>coque</strong></span> <span class='ocrx_word' id='word_1_166' title='bbox 393 1775 474 1830; x_wconf 77' lang='lat' dir='ltr'><strong>morlo</strong></span> <span class='ocrx_word' id='word_1_167' title='bbox 490 1777 633 1848; x_wconf 87' lang='lat' dir='ltr'><strong>peregrina</strong></span> <span class='ocrx_word' id='word_1_168' title='bbox 644 1775 731 1832; x_wconf 82' lang='lat' dir='ltr'><strong>&#39;lucta</strong></span> <span class='ocrx_word' id='word_1_169' title='bbox 747 1769 831 1831; x_wconf 85' lang='lat' dir='ltr'><strong>tunc²</strong></span> <span class='ocrx_word' id='word_1_170' title='bbox 846 1777 941 1848; x_wconf 89' lang='lat' dir='ltr'><strong>pariat,</strong></span> <span class='ocrx_word' id='word_1_171' title='bbox 957 1791 1021 1830; x_wconf 87' lang='lat' dir='ltr'><strong>con·</strong></span> 
     </span>
     <span class='ocr_line' id='line_1_20' title="bbox 56 1859 1023 1934; baseline -0.003 -18"><span class='ocrx_word' id='word_1_172' title='bbox 56 1860 156 1934; x_wconf 91' lang='lat' dir='ltr'><strong>plures</strong></span> <span class='ocrx_word' id='word_1_173' title='bbox 172 1859 326 1933; x_wconf 87' lang='lat' dir='ltr'><strong>distiguunt</strong></span> <span class='ocrx_word' id='word_1_174' title='bbox 341 1867 368 1914; x_wconf 90' lang='lat' dir='ltr'><strong>et</strong></span> <span class='ocrx_word' id='word_1_175' title='bbox 382 1867 490 1932; x_wconf 84' lang='lat' dir='ltr'><strong>putant,</strong></span> <span class='ocrx_word' id='word_1_176' title='bbox 515 1861 538 1915; x_wconf 92' lang='lat' dir='ltr'><strong>si</strong></span> <span class='ocrx_word' id='word_1_177' title='bbox 562 1860 670 1932; x_wconf 90' lang='lat' dir='ltr'><strong>quidem</strong></span> <span class='ocrx_word' id='word_1_178' title='bbox 693 1875 725 1914; x_wconf 84' lang='lat' dir='ltr'><strong>ex</strong></span> <span class='ocrx_word' id='word_1_179' title='bbox 740 1861 818 1915; x_wconf 89' lang='lat' dir='ltr'><strong>iustis</strong></span> <span class='ocrx_word' id='word_1_180' title='bbox 834 1859 936 1932; x_wconf 86' lang='lat' dir='ltr'><strong>nuptiis</strong></span> <span class='ocrx_word' id='word_1_181' title='bbox 959 1875 1023 1913; x_wconf 90' lang='lat' dir='ltr'><strong>con·</strong></span> 
     </span>
     <span class='ocr_line' id='line_1_21' title="bbox 55 1943 1023 2018; baseline -0.003 -17"><span class='ocrx_word' id='word_1_182' title='bbox 55 1945 175 2018; x_wconf 88' lang='lat' dir='ltr'><strong>ceperit,</strong></span> <span class='ocrx_word' id='word_1_183' title='bbox 192 1944 278 1999; x_wconf 87' lang='lat' dir='ltr'><strong>ciuem</strong></span> <span class='ocrx_word' id='word_1_184' title='bbox 288 1943 435 1998; x_wconf 89' lang='lat' dir='ltr'><strong>Romanum</strong></span> <span class='ocrx_word' id='word_1_185' title='bbox 448 1960 480 1998; x_wconf 79' lang='lat' dir='ltr'><strong>er</strong></span> <span class='ocrx_word' id='word_1_186' title='bbox 495 1960 525 1999; x_wconf 88' lang='lat' dir='ltr'><strong>ea</strong></span> <span class='ocrx_word' id='word_1_187' title='bbox 540 1945 622 2016; x_wconf 89' lang='lat' dir='ltr'><strong>nasci,</strong></span> <span class='ocrx_word' id='word_1_188' title='bbox 639 1945 662 2000; x_wconf 89' lang='lat' dir='ltr'><strong>si</strong></span> <span class='ocrx_word' id='word_1_189' title='bbox 677 1944 841 2017; x_wconf 89' lang='lat' dir='ltr'><strong>uero-uolgo</strong></span> <span class='ocrx_word' id='word_1_190' title='bbox 857 1944 1023 2016; x_wconf 82' lang='lat' dir='ltr'><strong>conceperit,</strong></span> 
     </span>
     <span class='ocr_line' id='line_1_22' title="bbox 55 2025 1022 2103; baseline -0.002 -19"><span class='ocrx_word' id='word_1_191' title='bbox 55 2029 238 2103; x_wconf 86' lang='lat' dir='ltr'><strong>peregrinum</strong></span> <span class='ocrx_word' id='word_1_192' title='bbox 254 2044 286 2084; x_wconf 83' lang='lat' dir='ltr'><strong>er</strong></span> <span class='ocrx_word' id='word_1_193' title='bbox 301 2044 330 2083; x_wconf 90' lang='lat' dir='ltr'><strong>ea</strong></span> <span class='ocrx_word' id='word_1_194' title='bbox 346 2028 429 2083; x_wconf 89' lang='lat' dir='ltr'><strong>nasci.</strong></span> <span class='ocrx_word' id='word_1_195' title='bbox 463 2025 508 2086; x_wconf 89' lang='grc'><strong>91.</strong></span> <span class='ocrx_word' id='word_1_196' title='bbox 529 2027 595 2084; x_wconf 90' lang='lat' dir='ltr'><strong>ltcm</strong></span> <span class='ocrx_word' id='word_1_197' title='bbox 611 2029 633 2083; x_wconf 89' lang='lat' dir='ltr'><strong>si</strong></span> <span class='ocrx_word' id='word_1_198' title='bbox 649 2045 702 2102; x_wconf 87' lang='lat' dir='ltr'><strong>qua</strong></span> <span class='ocrx_word' id='word_1_199' title='bbox 716 2028 813 2084; x_wconf 91' lang='lat' dir='ltr'><strong>mulier</strong></span> <span class='ocrx_word' id='word_1_200' title='bbox 827 2029 894 2084; x_wconf 89' lang='lat' dir='ltr'><strong>ciuis</strong></span> <span class='ocrx_word' id='word_1_201' title='bbox 906 2027 1022 2083; x_wconf 84' lang='lat' dir='ltr'><strong>Romana</strong></span> 
     </span>
     <span class='ocr_line' id='line_1_23' title="bbox 57 2110 1023 2187; baseline -0.001 -20"><span class='ocrx_word' id='word_1_202' title='bbox 57 2129 199 2187; x_wconf 88' lang='lat' dir='ltr'><strong>praegnas</strong></span> <span class='ocrx_word' id='word_1_203' title='bbox 215 2127 248 2166; x_wconf 86' lang='lat' dir='ltr'><strong>ex</strong></span> <span class='ocrx_word' id='word_1_204' title='bbox 264 2111 503 2168; x_wconf 90' lang='lat' dir='ltr'><strong>senatusconsulto</strong></span> <span class='ocrx_word' id='word_1_205' title='bbox 520 2111 667 2168; x_wconf 85' lang='lat' dir='ltr'><strong>Claudiano</strong></span> <span class='ocrx_word' id='word_1_206' title='bbox 682 2113 778 2168; x_wconf 87' lang='lat' dir='ltr'><strong>ancilla</strong></span> <span class='ocrx_word' id='word_1_207' title='bbox 800 2113 869 2168; x_wconf 84' lang='lat' dir='ltr'><strong>lacta</strong></span> <span class='ocrx_word' id='word_1_208' title='bbox 885 2115 921 2168; x_wconf 89' lang='lat' dir='ltr'><strong>sit</strong></span> <span class='ocrx_word' id='word_1_209' title='bbox 936 2110 970 2166; x_wconf 90' lang='lat' dir='ltr'><strong>ob</strong></span> <span class='ocrx_word' id='word_1_210' title='bbox 985 2112 1023 2184; x_wconf 88' lang='lat' dir='ltr'><strong>id,</strong></span> 
     </span>
     <span class='ocr_line' id='line_1_24' title="bbox 58 2190 1022 2270; baseline 0 -19"><span class='ocrx_word' id='word_1_211' title='bbox 58 2195 137 2270; x_wconf 88' lang='lat' dir='ltr'><strong>quod</strong></span> <span class='ocrx_word' id='word_1_212' title='bbox 154 2195 242 2252; x_wconf 89' lang='lat' dir='ltr'><strong>alieuo</strong></span> <span class='ocrx_word' id='word_1_213' title='bbox 262 2212 344 2251; x_wconf 90' lang='lat' dir='ltr'><strong>seruo</strong></span> <span class='ocrx_word' id='word_1_214' title='bbox 364 2196 452 2250; x_wconf 91' lang='lat' dir='ltr'><strong>inuito</strong></span> <span class='ocrx_word' id='word_1_215' title='bbox 469 2203 496 2250; x_wconf 89' lang='lat' dir='ltr'><strong>et</strong></span> <span class='ocrx_word' id='word_1_216' title='bbox 518 2196 694 2254; x_wconf 88' lang='lat' dir='ltr'><strong>denuntiante</strong></span> <span class='ocrx_word' id='word_1_217' title='bbox 716 2197 827 2252; x_wconf 89' lang='lat' dir='ltr'><strong>domiuo</strong></span> <span class='ocrx_word' id='word_1_218' title='bbox 843 2197 901 2252; x_wconf 92' lang='lat' dir='ltr'><strong>eius</strong></span> <span class='ocrx_word' id='word_1_219' title='bbox 927 2190 1022 2270; x_wconf 82' lang='lat' dir='ltr'><strong>(coiit),</strong></span> 
     </span>
     <span class='ocr_line' id='line_1_25' title="bbox 57 2280 1023 2354; baseline -0.003 -17"><span class='ocrx_word' id='word_1_220' title='bbox 57 2281 211 2353; x_wconf 87' lang='lat' dir='ltr'><strong>conplures</strong></span> <span class='ocrx_word' id='word_1_221' title='bbox 239 2281 414 2353; x_wconf 78' lang='lat' dir='ltr'><strong>distinguunt</strong></span> <span class='ocrx_word' id='word_1_222' title='bbox 442 2288 469 2334; x_wconf 91' lang='lat' dir='ltr'><strong>et</strong></span> <span class='ocrx_word' id='word_1_223' title='bbox 497 2281 666 2352; x_wconf 83' lang='lat' dir='ltr'><strong>existimant,</strong></span> <span class='ocrx_word' id='word_1_224' title='bbox 700 2283 723 2336; x_wconf 88' lang='lat' dir='ltr'><strong>si</strong></span> <span class='ocrx_word' id='word_1_225' title='bbox 746 2280 865 2354; x_wconf 88' lang='lat' dir='ltr'><strong>quidem</strong></span> <span class='ocrx_word' id='word_1_226' title='bbox 886 2297 919 2335; x_wconf 81' lang='lat' dir='ltr'><strong>ex</strong></span> <span class='ocrx_word' id='word_1_227' title='bbox 945 2281 1023 2334; x_wconf 90' lang='lat' dir='ltr'><strong>iustis</strong></span> 
     </span>
     <span class='ocr_line' id='line_1_26' title="bbox 57 2365 1023 2438; baseline -0.002 -18"><span class='ocrx_word' id='word_1_228' title='bbox 57 2366 168 2438; x_wconf 88' lang='lat' dir='ltr'><strong>nuptiis</strong></span> <span class='ocrx_word' id='word_1_229' title='bbox 189 2372 337 2438; x_wconf 88' lang='lat' dir='ltr'><strong>conceptus</strong></span> <span class='ocrx_word' id='word_1_230' title='bbox 358 2365 410 2434; x_wconf 86' lang='lat' dir='ltr'><strong>sit,</strong></span> <span class='ocrx_word' id='word_1_231' title='bbox 431 2365 516 2420; x_wconf 90' lang='lat' dir='ltr'><strong>ciuem</strong></span> <span class='ocrx_word' id='word_1_232' title='bbox 538 2365 687 2420; x_wconf 86' lang='lat' dir='ltr'><strong>Romanum</strong></span> <span class='ocrx_word' id='word_1_233' title='bbox 709 2381 741 2421; x_wconf 85' lang='lat' dir='ltr'><strong>ex</strong></span> <span class='ocrx_word' id='word_1_234' title='bbox 756 2381 787 2420; x_wconf 87' lang='lat' dir='ltr'><strong>ea</strong></span> <span class='ocrx_word' id='word_1_235' title='bbox 802 2365 891 2435; x_wconf 88' lang='lat' dir='ltr'><strong>nasci,</strong></span> <span class='ocrx_word' id='word_1_236' title='bbox 912 2365 935 2419; x_wconf 91' lang='lat' dir='ltr'><strong>si</strong></span> <span class='ocrx_word' id='word_1_237' title='bbox 957 2379 1023 2418; x_wconf 90' lang='lat' dir='ltr'><strong>uero</strong></span> 
     </span>
     <span class='ocr_line' id='line_1_27' title="bbox 59 2447 1023 2522; baseline -0.004 -17"><span class='ocrx_word' id='word_1_238' title='bbox 59 2449 151 2522; x_wconf 87' lang='lat' dir='ltr'><strong>uolgo</strong></span> <span class='ocrx_word' id='word_1_239' title='bbox 173 2456 321 2522; x_wconf 89' lang='lat' dir='ltr'><strong>conceptus</strong></span> <span class='ocrx_word' id='word_1_240' title='bbox 344 2449 394 2521; x_wconf 91' lang='lat' dir='ltr'><strong>sit,</strong></span> <span class='ocrx_word' id='word_1_241' title='bbox 416 2463 534 2504; x_wconf 85' lang='lat' dir='ltr'><strong>seruum</strong></span> <span class='ocrx_word' id='word_1_242' title='bbox 560 2450 633 2503; x_wconf 88' lang='lat' dir='ltr'><strong>nasci</strong></span> <span class='ocrx_word' id='word_1_243' title='bbox 656 2449 729 2520; x_wconf 91' lang='lat' dir='ltr'><strong>eius,</strong></span> <span class='ocrx_word' id='word_1_244' title='bbox 750 2449 827 2505; x_wconf 92' lang='lat' dir='ltr'><strong>cuius</strong></span> <span class='ocrx_word' id='word_1_245' title='bbox 849 2457 935 2502; x_wconf 86' lang='lat' dir='ltr'><strong>mater</strong></span> <span class='ocrx_word' id='word_1_246' title='bbox 955 2447 1023 2504; x_wconf 86' lang='lat' dir='ltr'><strong>lacta</strong></span> 
     </span>
     <span class='ocr_line' id='line_1_28' title="bbox 60 2528 1024 2606; baseline -0.004 -17"><span class='ocrx_word' id='word_1_247' title='bbox 60 2541 139 2590; x_wconf 89' lang='lat' dir='ltr'><strong>esset</strong></span> <span class='ocrx_word' id='word_1_248' title='bbox 162 2532 267 2588; x_wconf 86' lang='lat' dir='ltr'><strong>ancilla.</strong></span> <span class='ocrx_word' id='word_1_249' title='bbox 312 2528 361 2590; x_wconf 80' lang='lat'><strong>92.</strong></span> <span class='ocrx_word' id='word_1_250' title='bbox 383 2532 539 2606; x_wconf 85' lang='lat' dir='ltr'><strong>Peregrina</strong></span> <span class='ocrx_word' id='word_1_251' title='bbox 562 2548 672 2605; x_wconf 89' lang='lat' dir='ltr'><strong>quoque</strong></span> <span class='ocrx_word' id='word_1_252' title='bbox 698 2534 720 2588; x_wconf 91' lang='lat' dir='ltr'><strong>si</strong></span> <span class='ocrx_word' id='word_1_253' title='bbox 747 2531 833 2604; x_wconf 83' lang='lat' dir='ltr'><strong>uulgo</strong></span> <span class='ocrx_word' id='word_1_254' title='bbox 858 2533 1024 2604; x_wconf 89' lang='lat' dir='ltr'><strong>conceperit,</strong></span> 
     </span>
     <span class='ocr_line' id='line_1_29' title="bbox 61 2609 1023 2689; baseline -0.004 -15"><span class='ocrx_word' id='word_1_255' title='bbox 61 2617 164 2674; x_wconf 90' lang='lat' dir='ltr'><strong>deinde</strong></span> <span class='ocrx_word' id='word_1_256' title='bbox 176 2618 243 2673; x_wconf 91' lang='lat' dir='ltr'><strong>ciuis</strong></span> <span class='ocrx_word' id='word_1_257' title='bbox 252 2617 370 2672; x_wconf 83' lang='lat' dir='ltr'><strong>Romana</strong></span> <span class='ocrx_word' id='word_1_258' title='bbox 379 2615 469 2672; x_wconf 81' lang='lat' dir='ltr'><strong>’laeto</strong></span> <span class='ocrx_word' id='word_1_259' title='bbox 482 2625 548 2672; x_wconf 91' lang='lat' dir='ltr'><strong>tunc</strong></span> <span class='ocrx_word' id='word_1_260' title='bbox 562 2609 670 2689; x_wconf 81' lang='lat' dir='ltr'><strong>³pariat,</strong></span> <span class='ocrx_word' id='word_1_261' title='bbox 679 2617 765 2672; x_wconf 91' lang='lat' dir='ltr'><strong>ciuem</strong></span> <span class='ocrx_word' id='word_1_262' title='bbox 777 2615 924 2670; x_wconf 87' lang='lat' dir='ltr'><strong>Romanum</strong></span> <span class='ocrx_word' id='word_1_263' title='bbox 939 2616 1023 2688; x_wconf 80' lang='lat' dir='ltr'><strong>parit3</strong></span> 
     </span>
     <span class='ocr_line' id='line_1_30' title="bbox 61 2693 1078 2777; baseline -0.004 -20"><span class='ocrx_word' id='word_1_264' title='bbox 61 2703 84 2757; x_wconf 91' lang='lat' dir='ltr'><strong>si</strong></span> <span class='ocrx_word' id='word_1_265' title='bbox 103 2719 172 2758; x_wconf 89' lang='lat' dir='ltr'><strong>uero</strong></span> <span class='ocrx_word' id='word_1_266' title='bbox 189 2717 220 2756; x_wconf 82' lang='lat' dir='ltr'><strong>ex</strong></span> <span class='ocrx_word' id='word_1_267' title='bbox 232 2701 377 2774; x_wconf 86' lang='lat' dir='ltr'><strong>peregrino</strong></span> <span class='ocrx_word' id='word_1_268' title='bbox 390 2693 393 2777; x_wconf 68' lang='lat' dir='ltr'><strong>l</strong></span> <span class='ocrx_word' id='word_1_269' title='bbox 408 2701 555 2756; x_wconf 88' lang='lat' dir='ltr'><strong>secundum</strong></span> <span class='ocrx_word' id='word_1_270' title='bbox 571 2700 646 2772; x_wconf 89' lang='lat' dir='ltr'><strong>leges</strong></span> <span class='ocrx_word' id='word_1_271' title='bbox 659 2716 803 2772; x_wconf 89' lang='lat' dir='ltr'><strong>moresque</strong></span> <span class='ocrx_word' id='word_1_272' title='bbox 817 2699 1023 2772; x_wconf 89' lang='lat' dir='ltr'><strong>peregrinorum</strong></span> <span class='ocrx_word' id='word_1_273' title='bbox 1034 2723 1078 2770; x_wconf 74' lang='lat'><strong>25¹</strong></span> 
     </span>
    </p>
   </div>
   <div class='ocr_carea' id='block_1_3' title="bbox 57 2882 1026 3080">
    <p class='ocr_par' dir='ltr' id='par_1_6' title="bbox 57 2860 1026 3080">
     <span class='ocr_line' id='line_1_31' title="bbox 139 2882 1025 2956; baseline -0.002 -20"><span class='ocrx_word' id='word_1_274' title='bbox 139 2885 159 2954; x_wconf 88' lang='lat'><strong>¹)</strong></span> <span class='ocrx_word' id='word_1_275' title='bbox 177 2887 215 2950; x_wconf 77' lang='lat' dir='ltr'><strong>Of.</strong></span> <span class='ocrx_word' id='word_1_276' title='bbox 230 2887 256 2948; x_wconf 62' lang='grc' dir='ltr'><strong>ὅ.</strong></span> <span class='ocrx_word' id='word_1_277' title='bbox 271 2897 304 2937; x_wconf 81' lang='grc'><strong>68.</strong></span> <span class='ocrx_word' id='word_1_278' title='bbox 357 2882 377 2952; x_wconf 76' lang='lat'><strong>²)</strong></span> <span class='ocrx_word' id='word_1_279' title='bbox 393 2882 505 2948; x_wconf 33' lang='lat' dir='ltr'><strong>Ere-&#39;W</strong></span> <span class='ocrx_word' id='word_1_280' title='bbox 519 2888 559 2936; x_wconf 83' lang='lat' dir='ltr'><strong>sie</strong></span> <span class='ocrx_word' id='word_1_281' title='bbox 570 2889 681 2950; x_wconf 81' lang='lat' dir='ltr'><strong>facilius</strong></span> <span class='ocrx_word' id='word_1_282' title='bbox 691 2888 794 2951; x_wconf 80' lang='lat' dir='ltr'><strong>legitor.</strong></span> <span class='ocrx_word' id='word_1_283' title='bbox 819 2886 860 2934; x_wconf 84' lang='lat' dir='ltr'><strong>liat</strong></span> <span class='ocrx_word' id='word_1_284' title='bbox 870 2893 893 2934; x_wconf 88' lang='lat' dir='ltr'><strong>ct</strong></span> <span class='ocrx_word' id='word_1_285' title='bbox 902 2894 957 2956; x_wconf 79' lang='lat' dir='ltr'><strong>tunc</strong></span> <span class='ocrx_word' id='word_1_286' title='bbox 967 2887 1025 2936; x_wconf 85' lang='lat' dir='ltr'><strong>edd.</strong></span> 
     </span>
     <span class='ocr_line' id='line_1_32' title="bbox 57 2953 1026 3080; baseline -0.001 -73"><span class='ocrx_word' id='word_1_287' title='bbox 57 2962 167 3080; x_wconf 50' lang='lat' dir='ltr'><strong>pzrggtrur</strong></span> <span class='ocrx_word' id='word_1_288' title='bbox 215 2955 235 3022; x_wconf 73' lang='lat'><strong>³)</strong></span> <span class='ocrx_word' id='word_1_289' title='bbox 255 2957 282 3006; x_wconf 91' lang='lat' dir='ltr'><em>V</em></span> <span class='ocrx_word' id='word_1_290' title='bbox 282 2953 303 2988; x_wconf 47' lang='grc' dir='ltr'><strong>’ἴ</strong></span> <span class='ocrx_word' id='word_1_291' title='bbox 312 2965 373 3020; x_wconf 81' lang='lat' dir='ltr'><strong>post</strong></span> <span class='ocrx_word' id='word_1_292' title='bbox 386 2959 465 3006; x_wconf 83' lang='lat' dir='ltr'><strong>trium</strong></span> <span class='ocrx_word' id='word_1_293' title='bbox 480 2960 625 3007; x_wconf 83' lang='lat' dir='ltr'><strong>litterarum</strong></span> <span class='ocrx_word' id='word_1_294' title='bbox 640 2955 709 3023; x_wconf 75' lang='lat' dir='ltr'><strong>(itai)</strong></span> <span class='ocrx_word' id='word_1_295' title='bbox 724 2959 846 3020; x_wconf 74' lang='lat' dir='ltr'><strong>apetium,</strong></span> <span class='ocrx_word' id='word_1_296' title='bbox 862 2964 917 3006; x_wconf 86' lang='lat' dir='ltr'><strong>tunc</strong></span> <span class='ocrx_word' id='word_1_297' title='bbox 932 2956 1026 3006; x_wconf 76' lang='lat' dir='ltr'><strong>habere</strong></span> 
     </span>
    </p>
   </div>
   <div class='ocr_carea' id='block_1_4' title="bbox 63 3135 281 3144">
    <p class='ocr_par' dir='ltr' id='par_1_7' title="bbox 63 3135 281 3144">
     <span class='ocr_line' id='line_1_33' title="bbox 63 3135 281 3144; baseline -0.018 0"><span class='ocrx_word' id='word_1_298' title='bbox 63 3135 281 3144; x_wconf 80' lang='lat'>——---—</span> 
     </span>
    </p>
   </div>
   <div class='ocr_carea' id='block_1_5' title="bbox 65 3191 1025 3545">
    <p class='ocr_par' dir='ltr' id='par_1_8' title="bbox 65 3191 1025 3545">
     <span class='ocr_line' id='line_1_34' title="bbox 138 3191 1025 3264; baseline -0.008 -18"><span class='ocrx_word' id='word_1_299' title='bbox 138 3193 162 3264; x_wconf 68' lang='lat' dir='ltr'><strong>fi.</strong></span> <span class='ocrx_word' id='word_1_300' title='bbox 179 3197 221 3246; x_wconf 88' lang='lat'><strong>88.</strong></span> <span class='ocrx_word' id='word_1_301' title='bbox 243 3195 282 3260; x_wconf 79' lang='lat' dir='ltr'><strong>Of.</strong></span> <span class='ocrx_word' id='word_1_302' title='bbox 297 3196 329 3245; x_wconf 87' lang='lat' dir='ltr'><strong>L.</strong></span> <span class='ocrx_word' id='word_1_303' title='bbox 344 3208 378 3247; x_wconf 82' lang='lat'><strong>46.</strong></span> <span class='ocrx_word' id='word_1_304' title='bbox 397 3196 430 3245; x_wconf 86' lang='lat' dir='ltr'><strong>D.</strong></span> <span class='ocrx_word' id='word_1_305' title='bbox 446 3196 478 3244; x_wconf 85' lang='lat' dir='ltr'><strong>de</strong></span> <span class='ocrx_word' id='word_1_306' title='bbox 493 3197 579 3258; x_wconf 80' lang='lat' dir='ltr'><strong>adopt.</strong></span> <span class='ocrx_word' id='word_1_307' title='bbox 595 3193 628 3260; x_wconf 89' lang='lat'><strong>(1,</strong></span> <span class='ocrx_word' id='word_1_308' title='bbox 641 3194 672 3261; x_wconf 87' lang='lat' dir='ltr'><strong>t).</strong></span> <span class='ocrx_word' id='word_1_309' title='bbox 723 3191 748 3262; x_wconf 64' lang='grc' dir='ltr'><strong>ἓ.</strong></span> <span class='ocrx_word' id='word_1_310' title='bbox 763 3197 805 3246; x_wconf 87' lang='grc'><strong>89.</strong></span> <span class='ocrx_word' id='word_1_311' title='bbox 828 3195 866 3258; x_wconf 77' lang='lat' dir='ltr'><strong>Cf.</strong></span> <span class='ocrx_word' id='word_1_312' title='bbox 886 3193 941 3256; x_wconf 83' lang='lat' dir='ltr'><strong>Uip.</strong></span> <span class='ocrx_word' id='word_1_313' title='bbox 956 3203 976 3250; x_wconf 77' lang='lat'><strong>⁵,</strong></span> <span class='ocrx_word' id='word_1_314' title='bbox 992 3203 1025 3242; x_wconf 86' lang='lat'><strong>10.</strong></span> 
     </span>
     <span class='ocr_line' id='line_1_35' title="bbox 65 3263 1025 3332; baseline -0.008 -14"><span class='ocrx_word' id='word_1_315' title='bbox 65 3267 98 3325; x_wconf 80' lang='lat' dir='ltr'><strong>L.</strong></span> <span class='ocrx_word' id='word_1_316' title='bbox 114 3279 149 3318; x_wconf 82' lang='lat'><strong>18.</strong></span> <span class='ocrx_word' id='word_1_317' title='bbox 164 3279 198 3318; x_wconf 76' lang='lat' dir='ltr'><strong>at.</strong></span> <span class='ocrx_word' id='word_1_318' title='bbox 218 3267 250 3316; x_wconf 87' lang='lat' dir='ltr'><strong>D.</strong></span> <span class='ocrx_word' id='word_1_319' title='bbox 266 3268 298 3316; x_wconf 85' lang='lat' dir='ltr'><strong>de</strong></span> <span class='ocrx_word' id='word_1_320' title='bbox 311 3274 380 3316; x_wconf 83' lang='lat' dir='ltr'><strong>statu</strong></span> <span class='ocrx_word' id='word_1_321' title='bbox 394 3267 459 3317; x_wconf 73' lang='lat' dir='ltr'><strong>lom.</strong></span> <span class='ocrx_word' id='word_1_322' title='bbox 475 3263 507 3331; x_wconf 82' lang='lat'><strong>(1,</strong></span> <span class='ocrx_word' id='word_1_323' title='bbox 522 3265 553 3332; x_wconf 77' lang='lat' dir='ltr'><strong>a).</strong></span> <span class='ocrx_word' id='word_1_324' title='bbox 581 3264 686 3324; x_wconf 75' lang='lat' dir='ltr'><strong>Quinto.</strong></span> <span class='ocrx_word' id='word_1_325' title='bbox 702 3265 723 3314; x_wconf 91' lang='lat' dir='ltr'><strong>I.</strong></span> <span class='ocrx_word' id='word_1_326' title='bbox 745 3265 777 3316; x_wconf 94' lang='grc' dir='ltr'><strong>Ο.</strong></span> <span class='ocrx_word' id='word_1_327' title='bbox 793 3277 813 3324; x_wconf 78' lang='lat' dir='ltr'><strong>a,</strong></span> <span class='ocrx_word' id='word_1_328' title='bbox 828 3277 848 3316; x_wconf 81' lang='lat' dir='ltr'><strong>t.</strong></span> <span class='ocrx_word' id='word_1_329' title='bbox 869 3266 893 3325; x_wconf 66' lang='grc' dir='ltr'><strong>ἓ.</strong></span> <span class='ocrx_word' id='word_1_330' title='bbox 908 3274 942 3314; x_wconf 73' lang='lat'><strong>25.</strong></span> <span class='ocrx_word' id='word_1_331' title='bbox 957 3263 989 3310; x_wconf 85' lang='lat' dir='ltr'><strong>L.</strong></span> <span class='ocrx_word' id='word_1_332' title='bbox 1005 3275 1025 3312; x_wconf 89' lang='lat'><strong>1.</strong></span> 
     </span>
     <span class='ocr_line' id='line_1_36' title="bbox 66 3330 1025 3404; baseline -0.007 -16"><span class='ocrx_word' id='word_1_333' title='bbox 66 3341 90 3400; x_wconf 64' lang='grc' dir='ltr'><strong>ξ.</strong></span> <span class='ocrx_word' id='word_1_334' title='bbox 106 3351 127 3388; x_wconf 83' lang='lat' dir='ltr'><strong>a.</strong></span> <span class='ocrx_word' id='word_1_335' title='bbox 143 3338 176 3386; x_wconf 88' lang='lat' dir='ltr'><strong>L.</strong></span> <span class='ocrx_word' id='word_1_336' title='bbox 191 3350 211 3389; x_wconf 83' lang='lat' dir='ltr'><strong>a.</strong></span> <span class='ocrx_word' id='word_1_337' title='bbox 231 3338 263 3387; x_wconf 81' lang='lat' dir='ltr'><strong>ll.</strong></span> <span class='ocrx_word' id='word_1_338' title='bbox 279 3338 315 3386; x_wconf 87' lang='lat' dir='ltr'><strong>ad</strong></span> <span class='ocrx_word' id='word_1_339' title='bbox 328 3339 422 3386; x_wconf 82' lang='lat' dir='ltr'><strong>munic.</strong></span> <span class='ocrx_word' id='word_1_340' title='bbox 438 3335 483 3402; x_wconf 82' lang='lat' dir='ltr'><strong>(oo,</strong></span> <span class='ocrx_word' id='word_1_341' title='bbox 499 3335 528 3402; x_wconf 83' lang='lat'><strong>1).</strong></span> <span class='ocrx_word' id='word_1_342' title='bbox 584 3333 827 3404; x_wconf 75' lang='lat' dir='ltr'><strong>§.90.Cf.§.1or.</strong></span> <span class='ocrx_word' id='word_1_343' title='bbox 882 3330 907 3401; x_wconf 65' lang='grc' dir='ltr'><strong>ξ.</strong></span> <span class='ocrx_word' id='word_1_344' title='bbox 923 3335 965 3384; x_wconf 85' lang='lat'><strong>91.</strong></span> <span class='ocrx_word' id='word_1_345' title='bbox 987 3332 1025 3394; x_wconf 79' lang='lat' dir='ltr'><strong>Of.</strong></span> 
     </span>
     <span class='ocr_line' id='line_1_37' title="bbox 67 3403 1025 3472; baseline -0.009 -11"><span class='ocrx_word' id='word_1_346' title='bbox 67 3411 221 3471; x_wconf 77' lang='lat'>§§.64.160.</span> <span class='ocrx_word' id='word_1_347' title='bbox 245 3407 399 3472; x_wconf 84' lang='lat' dir='ltr'><strong>lllp.11,11.</strong></span> <span class='ocrx_word' id='word_1_348' title='bbox 420 3408 582 3470; x_wconf 60' lang='lat' dir='ltr'><strong>Pontum.</strong></span> <span class='ocrx_word' id='word_1_349' title='bbox 603 3407 797 3468; x_wconf 74' lang='lat' dir='ltr'><strong>§§.a.o.L.a.</strong></span> <span class='ocrx_word' id='word_1_350' title='bbox 817 3403 1025 3466; x_wconf 75' lang='lat' dir='ltr'><strong>§§.r.a.L.ro.</strong></span> 
     </span>
     <span class='ocr_line' id='line_1_38' title="bbox 66 3470 1025 3545; baseline -0.006 -17"><span class='ocrx_word' id='word_1_351' title='bbox 66 3480 99 3528; x_wconf 85' lang='lat' dir='ltr'><strong>D.</strong></span> <span class='ocrx_word' id='word_1_352' title='bbox 119 3479 239 3528; x_wconf 76' lang='lat' dir='ltr'><strong>dertare</strong></span> <span class='ocrx_word' id='word_1_353' title='bbox 258 3479 322 3529; x_wconf 74' lang='lat' dir='ltr'><strong>horu.</strong></span> <span class='ocrx_word' id='word_1_354' title='bbox 343 3478 378 3545; x_wconf 88' lang='lat'><strong>(1,-</strong></span> <span class='ocrx_word' id='word_1_355' title='bbox 393 3478 425 3544; x_wconf 83' lang='lat'><strong>4).</strong></span> <span class='ocrx_word' id='word_1_356' title='bbox 449 3479 480 3526; x_wconf 84' lang='lat' dir='ltr'><strong>L.</strong></span> <span class='ocrx_word' id='word_1_357' title='bbox 500 3491 520 3528; x_wconf 82' lang='lat'><strong>4.</strong></span> <span class='ocrx_word' id='word_1_358' title='bbox 543 3478 568 3527; x_wconf 83' lang='lat'><strong>0.</strong></span> <span class='ocrx_word' id='word_1_359' title='bbox 584 3479 615 3526; x_wconf 83' lang='lat' dir='ltr'><strong>de</strong></span> <span class='ocrx_word' id='word_1_360' title='bbox 626 3492 703 3540; x_wconf 84' lang='lat' dir='ltr'><strong>poen.</strong></span> <span class='ocrx_word' id='word_1_361' title='bbox 724 3475 755 3541; x_wconf 85' lang='lat'><strong>(9,</strong></span> <span class='ocrx_word' id='word_1_362' title='bbox 769 3474 814 3540; x_wconf 69' lang='lat' dir='ltr'><strong>et).</strong></span> <span class='ocrx_word' id='word_1_363' title='bbox 882 3470 908 3541; x_wconf 65' lang='grc' dir='ltr'><strong>ξ.</strong></span> <span class='ocrx_word' id='word_1_364' title='bbox 924 3476 965 3524; x_wconf 77' lang='lat'><strong>92.</strong></span> <span class='ocrx_word' id='word_1_365' title='bbox 988 3473 1025 3534; x_wconf 84' lang='lat' dir='ltr'><strong>Cf.</strong></span> 
     </span>
    </p>
   </div>
   <div class='ocr_carea' id='block_1_6' title="bbox 66 3553 814 3686">
    <p class='ocr_par' dir='ltr' id='par_1_9' title="bbox 66 3553 814 3686">
     <span class='ocr_line' id='line_1_39' title="bbox 66 3553 205 3612; baseline -0.007 -11"><span class='ocrx_word' id='word_1_366' title='bbox 66 3553 107 3612; x_wconf 61' lang='grc' dir='ltr'><strong>ἐς.</strong></span> <span class='ocrx_word' id='word_1_367' title='bbox 123 3562 156 3601; x_wconf 80' lang='lat' dir='ltr'><strong>aa.</strong></span> <span class='ocrx_word' id='word_1_368' title='bbox 171 3562 205 3601; x_wconf 84' lang='lat'><strong>94.</strong></span> 
     </span>
     <span class='ocr_line' id='line_1_40' title="bbox 122 3637 814 3686; baseline -0.001 -1"><span class='ocrx_word' id='word_1_369' title='bbox 122 3644 207 3686; x_wconf 68' lang='lat' dir='ltr'><strong>Gerus.</strong></span> <span class='ocrx_word' id='word_1_370' title='bbox 314 3645 316 3648; x_wconf 80' lang='grc'><strong>“</strong></span> <span class='ocrx_word' id='word_1_371' title='bbox 798 3637 814 3684; x_wconf 88' lang='grc'>4</span> 
     </span>
    </p>
   </div>
   <div class='ocr_carea' id='block_1_7' title="bbox 0 0 1273 3984">
    <p class='ocr_par' dir='ltr' id='par_1_10' title="bbox 0 0 1273 3984">
     <span class='ocr_line' id='line_1_41' title="bbox 0 0 1273 3984; baseline 0 0"><span class='ocrx_word' id='word_1_372' title='bbox 0 0 1273 3984; x_wconf 95' lang='lat' dir='ltr'><strong> </strong></span> 
     </span>
    </p>
   </div>
  </div>
 </body>
</html>
