2470 3972
212 181 276 244 186
486 198 544 234 osu
562 199 653 233 tusum.
674 180 722 234 ΙΙΙ.
743 185 892 236 tot-187.

210 329 304 385 uerius
328 328 451 399 uidetur,
473 328 546 386 siout
567 328 684 385 interius·
704 330 852 402 apparebit.
896 325 963 386 184.
988 328 1162 400 Manifestum

211 413 317 469 turtum
332 411 441 486 quidam
454 413 480 470 id
492 429 552 470 esse
568 412 705 483 dixerunt,
725 415 802 486 quod
811 412 874 467 dum
888 410 928 479 fit,
940 412 1161 486 deprehenditur:

211 497 258 553 atii
271 513 338 553 uoto
355 497 487 570 ulterius,
503 496 576 570 quod
593 513 631 558 to·
641 497 702 554 ioco
718 495 947 570 deprehenditur,
970 495 1016 552 ubi
1032 495 1078 566 tit,
1095 496 1163 552 uelut

211 583 233 636 si
249 583 277 637 iu
293 581 397 638 olineto
414 582 559 653 olivarum,
581 583 609 637 in
624 583 718 638 uincto
733 597 847 637 unarum
869 580 974 637 furtum
997 580 1098 637 iactum
1118 590 1162 647 est,

211 665 338 739 quamdiu
353 667 381 720 in
397 681 429 721 eo
446 666 552 722 oiinoto
571 673 618 721 aut
634 667 726 722 uineto
742 663 786 721 tur
800 667 851 734 sit3
871 674 919 721 aut
939 667 963 720 si
986 658 1125 721 'tabuloe¹
1140 667 1162 719 in

211 751 293 806 domo
310 749 413 806 turtum
429 750 530 806 iactum
545 752 590 820 sit,
607 749 734 822 quamdiu
749 751 777 805 in
792 765 822 806 ea
838 750 918 806 domo
935 749 980 805 tur
994 749 1046 807 sit:
1067 749 1111 804 alii
1124 748 1162 803 ad·

211 835 265 890 huc
280 833 396 890 ulterius
411 833 556 907 ’canumque
572 828 641 895 reti²
656 834 827 890 manifestum
842 833 947 889 turtum
961 833 1161 900 essediuerunt,

212 919 300 974 donec
315 911 517 991 ’periemotnr³
534 935 578 989 eo,
594 933 649 991 quo
664 919 785 992 perterre
801 918 844 973 tur
859 918 1041 974 destinasset:
1061 916 1106 973 alii
1124 917 1161 971 ad·

212 1003 265 1058 huo
280 1001 406 1072 ultanus,
420 1003 584 1075 quandoque
597 1019 654 1059 eam
666 1019 722 1058 uem
734 1002 779 1058 iun
790 1011 886 1059 tenens
897 1003 974 1058 uisus
987 1002 1088 1069 tuerit3
1104 1017 1161 1074 quae

211 1087 346 1142 scatentia
362 1103 417 1142 non
432 1088 564 1160 optinuit:
581 1094 624 1142 sot
637 1095 667 1142 et
681 1085 790 1143 illorum
806 1088 956 1158 sententia,
974 1088 1022 1159 qui
1038 1087 1159 1142 existima-

211 1175 325 1240 uerunt,
348 1170 436 1226 donoc
456 1164 658 1244 'pertemetnr3
678 1187 728 1241 eo,
744 1187 799 1245 quo
815 1170 859 1226 tur
873 1170 1055 1241 desiluisset,
1076 1169 1160 1243 depre-

212 1255 324 1310 hensum
341 1253 443 1312 fuctum
459 1255 628 1311 manifestum
650 1271 725 1326 esse,
745 1255 808 1312 ideo
828 1271 883 1310 non
900 1258 905 1322 Ι
921 1253 1033 1311 uidetur
1052 1253 1159 1328 probari,

141 1352 200 1400 177,
212 1338 286 1412 quod
307 1353 429 1412 magnam
451 1341 547 1413 recipit
568 1339 780 1404 dubitationem,
808 1333 920 1394 utrum⁴
939 1337 945 1409 Ι
963 1340 1047 1395 unius
1068 1339 1116 1394 diei
1134 1353 1160 1391 an

213 1424 292 1478 etiam
314 1423 431 1495 plurium
454 1423 558 1479 dierum
582 1425 669 1497 spatio
692 1422 718 1478 id
747 1422 943 1480 terminandum
965 1425 1018 1491 sit,
1042 1421 1112 1496 quod
1132 1437 1160 1476 eo
1210 1487 1211 1494 ἵ

212 1507 339 1579 pertinet,
362 1509 425 1580 quia
441 1523 522 1581 saepe
538 1510 564 1564 in
579 1507 638 1563 eiiis
654 1507 808 1563 ciuitatibus
829 1515 979 1581 surreptas
998 1523 1043 1562 res
1064 1507 1091 1561 in
1105 1505 1159 1561 alias

213 1591 336 1646 ciuitates
353 1591 396 1648 uel
418 1593 446 1646 in
467 1592 532 1647 alias
553 1593 709 1665 prouinoias
731 1592 868 1648 destinant
887 1591 963 1648 iures
979 1591 1112 1665 parione:
1133 1605 1161 1644 eu

212 1673 317 1730 duabus
332 1675 423 1749 itaque
438 1677 624 1749 superioribus
645 1677 819 1749 opinionibus
840 1676 970 1732 alterutra
990 1673 1159 1750 adprobatum

212 1761 298 1833 magis
316 1768 404 1816 tamen
419 1755 543 1834 plerique
557 1761 738 1833 posteriorem
758 1760 884 1834 probant.
928 1757 995 1818 186.
1019 1760 1073 1816 Nec
1085 1759 1160 1814 mani·

212 1843 311 1898 festum
336 1844 439 1900 suatum
460 1845 534 1918 quod
551 1847 599 1914 sit,
624 1845 725 1915 exiis,
749 1861 818 1918 quae
833 1844 964 1915 diximus,
987 1843 1159 1918 intellegitur:

212 1944 273 1982 nam
290 1928 362 2000 quod
378 1927 552 1993 manifestum,
565 1946 620 1985 non
637 1937 695 2000 est,
715 1929 740 1984 id
756 1945 807 1985 nec
822 1928 992 1985 manifestum
1009 1936 1061 1988 est.
1100 1921 1159 1983 186.

212 2011 378 2083 Conceptum
394 2012 496 2068 iustum
511 2013 622 2084 dicitur,
644 2029 708 2070 oum:
727 2013 798 2087 apud
821 2013 939 2086 aliquem
962 2013 1078 2070 testibus
1091 2019 1210 2086 pne-[tu

212 2093 336 2150 sentibus
359 2095 461 2152 furtiua
482 2113 527 2152 res
549 2099 671 2170 quaesita
698 2105 727 2154 et
748 2100 860 2154 inuenta
888 2106 945 2153 est:
975 2113 1038 2154 nam
1059 2099 1085 2152 in
1105 2112 1160 2152 eum

212 2180 324 2253 proptia
339 2184 411 2237 actio
426 2183 577 2247 constituta
592 2191 645 2254 est,
660 2184 785 2256 quamuis
800 2181 845 2238 ior
860 2197 916 2238 non
930 2182 976 2248 sit,
994 2176 1063 2255 quae
1077 2180 1159 2254 appet-

212 2263 284 2319 latua
299 2267 432 2340 concepti.
467 2261 530 2322 187.
547 2265 673 2322 Oblatum
689 2265 791 2324 furtum
807 2266 915 2335 dicitur,
931 2283 992 2322 cum
1008 2265 1160 2322 aestuatio:

213 2347 261 2403 tibi
276 2347 308 2403 ab
324 2349 415 2423 atiquo
430 2349 521 2406 obtata
536 2351 582 2421 sit,
604 2367 689 2423 eaque
704 2353 779 2424 apud
792 2359 819 2406 te
835 2357 966 2424 concepta
981 2351 1033 2414 sit;
1057 2343 1160 2422 utique⁵

144 2429 149 2442 '
214 2433 235 2486 si
252 2449 283 2488 ee
300 2443 390 2490 mente
405 2435 467 2490 data
483 2434 531 2491 tibi
548 2435 638 2504 sumit,
655 2443 686 2490 ut
697 2438 772 2508 apud
783 2443 810 2491 te
820 2436 912 2508 potius
924 2451 1005 2508 quam
1017 2433 1159 2509 apudeum,

287 2635 307 2705 ¹)
321 2640 367 2688 tasi
384 2639 410 2689 O.
431 2639 458 2688 V
458 2635 486 2688 'i
502 2653 553 2703 pro
568 2639 616 2688 tab.
632 2635 682 2704 (vel
691 2637 766 2705 tabe)
781 2647 891 2703 utputo.
906 2639 964 2689 edd.
980 2642 1107 2695 omittunt·
1120 2639 1160 2688 sed

213 2711 289 2758 etium
303 2711 330 2758 in
344 2709 554 2760 antecedentibus
568 2709 694 2773 enemplia
708 2711 761 2769 rei,
781 2725 847 2778 quoe
858 2711 933 2774 furto
947 2710 1036 2760 ablata
1050 2718 1097 2772 est,
1110 2725 1158 2759 cun

213 2781 265 2828 loci
279 2787 374 2829 nutura
389 2781 551 2830 cohaerentia
563 2780 645 2830 Gaius
658 2782 808 2844 mentionem
819 2782 896 2845 facit.
947 2778 968 2848 ⁹)
982 2780 1029 2831 Sic
1038 2781 1158 2847 tepentium

208 2857 283 2912 puto,
297 2853 412 2914 quamuis
425 2853 452 2900 in
472 2850 500 2898 V
500 2847 521 2882 ‘t
531 2866 582 2914 pro
593 2853 687 2914 priore
701 2867 762 2902 uoce
776 2854 859 2917 napis
869 2867 974 2916 eousque
983 2867 1041 2902 esee
1056 2852 1159 2903 uidetur?

213 2921 240 2968 in
254 2919 304 2970 bno
318 2922 385 2969 enim
399 2923 520 2984 opinione
534 2937 585 2972 non
600 2921 740 2985 referebat,
755 2930 783 2972 nt
797 2925 824 2972 in
834 2925 937 2987 priore,
952 2923 1094 2974 cuiusmodi
1100 2929 1157 2972 esset

213 2991 342 3054 neoforto
357 2991 452 3050 ablata.
478 3007 591 3056 eousque
607 2992 702 3057 absque
716 2993 752 3042 rei
766 2994 824 3042 edd.
834 2994 882 3043 aed
895 2995 929 3057 cf.
941 3001 1034 3058 postea
1050 3008 1096 3043 eam
1105 3007 1156 3054 pem.
1207 2991 1208 2994 ’

213 3069 238 3110 et
251 3063 369 3113 consulto
383 3064 410 3112 in
425 3063 475 3112 boc
489 3060 610 3128 opinione
622 3066 742 3128 penernti
756 3064 832 3114 uerbo
847 3066 936 3117 utitur.
963 3065 1083 3115 Fortasse
1091 3066 1156 3114 otton

209 3147 262 3195 pro
276 3147 304 3181 eo
319 3149 395 3198 usque
410 3134 543 3199 lependum
557 3140 596 3183 eat
610 3133 734 3198 cuiusque.
783 3131 803 3200 ⁸)
818 3135 936 3198 perferret
948 3135 973 3185 G.
989 3136 1048 3188 edd.
1092 3132 1109 3200 ⁴)
1119 3134 1156 3183 Ea

219 3197 274 3254 1⁷¹³.
300 3203 338 3267 Of.
355 3201 461 3254 ‘tinius’
476 3219 502 3268 p.
518 3215 564 3256 toi.
616 3201 772 3270 ⁵)ueiutique
789 3205 815 3257 0.

285 3391 329 3463 ξδ-
346 3361 411 3447 184.»
421 3399 479 3450 185.
505 3398 543 3461 Of.
564 3397 647 3461 Ept'i„
667 3398 744 3456 Indi„
765 3400 854 3457 Paul„
877 3400 940 3450 Geli.
955 3402 983 3449 ll.
997 3415 1036 3450 cd.
1056 3401 1155 3450 Inb-i·
1206 3347 1207 3376 ἲ

215 3463 373 3586 223,th
389 3465 433 3532 (aa,
448 3468 479 3532 e).
543 3464 587 3560 ἧς.
604 3469 752 3520 tao-188.
769 3489 802 3512 =·
816 3471 840 3531 ὅ.
854 3482 875 3522 t.
897 3470 918 3520 1.
933 3471 967 3521 tb.
982 3469 1015 3536 (a,
1029 3470 1061 3537 t).
1071 3469 1111 3533 ds.
1126 3468 1156 3517 ibt
