2496 3984
356 211 413 246 4111
431 211 523 247 mans.
543 195 564 250 1.
585 201 732 250 142-146.
977 197 1020 260 63

6 347 14 392 1
38 341 80 395 in
103 356 140 396 eo
165 341 224 396 iure
246 341 402 398 detinentur
424 343 563 415 homines,
585 349 628 398 set
648 343 808 416 plerumque
828 343 880 400 hoo
900 343 930 401 fit
954 346 1019 403 diois

38 426 146 499 gratia
162 418 272 481 ’modo¹
290 442 343 482 uno
359 434 513 496 momento;
529 428 580 483 nisi
593 427 697 484 scilieet
709 443 741 483 er
753 427 841 484 noxali
853 445 932 484 causa
946 447 1020 486 man·

39 503 242 582 ciparentur.²

120 587 182 651 142.
205 593 382 650 Transeamus
399 611 470 651 uuna
486 596 517 651 ad
533 595 611 651 aliam
631 595 801 652 diuisionem.
840 613 901 652 nam
922 613 954 652 ex
977 599 1018 654 iris
1047 591 1050 596 ‘

43 677 193 751 personis,
217 693 286 751 quae
309 695 397 752 neque
420 680 446 734 in
470 687 606 753 potestate
628 695 719 753 neque
743 683 767 736 in
791 697 871 736 manu
887 697 975 754 neque
992 684 1018 738 in

42 763 192 834 mancipio
207 769 282 832 suut,
305 762 434 836 quaedam
458 764 502 820 uel
517 766 544 820 in
562 764 645 820 tutela
665 771 729 820 sunt
752 764 796 820 nel
818 766 846 820 in
868 767 1018 836 curatione,

43 845 191 919 quaedam
202 855 300 902 neutro
311 849 371 916 ipre
381 853 518 903 tenentur.
546 849 684 904 uideamus
696 850 791 922 igitur,
802 865 870 923 quae
882 851 909 904 in
921 850 1018 920 tutela,

43 922 154 1003 ’quae³
177 931 205 985 in
225 931 364 988 curatione
379 933 448 990 sint:
470 933 507 988 ita
529 933 600 988 enim
616 933 805 1007 intellegemus
828 942 936 990 ceteros
957 951 1018 1008 per·

46 1031 147 1084 sonaS,
164 1031 233 1087 quae
248 1022 347 1071 neutro
363 1017 423 1072 iure
439 1025 574 1076 tenentur.
612 1014 677 1076 148.
699 1022 737 1073 Ao
752 1019 828 1091 prius
843 1018 1018 1092 dispiciamus

47 1099 85 1153 de
102 1099 156 1168 his,
172 1115 241 1172 quae
256 1101 283 1154 in
300 1099 384 1156 tutela
402 1109 475 1156 suut.

117 1179 180 1240 144.
208 1181 371 1239 Permissum
393 1193 437 1240 est
458 1186 550 1258 itaque
568 1185 743 1258 parentibus,
766 1185 875 1258 liberis,
898 1203 968 1259 quos
990 1189 1018 1242 in

51 1275 193 1340 potestate
207 1283 257 1324 sua
268 1267 378 1339 babent,
393 1269 564 1342 testamenlto
580 1266 698 1345 tultores
711 1270 789 1326 dare:
806 1271 946 1326 masculini
959 1273 1018 1344 qui·

54 1350 118 1406 dem
136 1367 215 1407 sexus
232 1351 432 1426 'inpuberibus,
448 1345 595 1430 (seminini
614 1369 686 1410 uero
701 1354 887 1424 inpuberibus
900 1355 1016 1424 puberi-

49 1434 182 1508 dualque,
197 1439 244 1492 uel
259 1453 319 1492 oum
334 1445 438 1509 nuptae
453 1431 531 1497 siut⁴
565 1445 672 1494 ueteres
689 1439 761 1493 enim
777 1438 925 1494 uoluerunt
941 1438 1017 1494 femi·

48 1535 116 1590 nas,
139 1520 248 1576 etiamsi
267 1519 403 1594 perlectae
429 1523 522 1577 aetatis
545 1522 617 1592 sint,
640 1529 753 1596 propter
775 1523 856 1578 animi
878 1523 1017 1578 leuitatem

45 1607 73 1660 in
91 1603 184 1660 tutela
200 1621 270 1661 esse.
306 1601 366 1664 lto.
387 1605 481 1678 ltaque
504 1607 526 1661 si
549 1609 609 1680 quis
632 1605 688 1662 fillo
711 1605 836 1680 filiaeque
850 1615 1016 1663 testamento

43 1697 175 1745 tutorem
196 1689 318 1762 dederit,
338 1697 367 1745 et
386 1689 463 1746 ambo
485 1690 516 1745 ad
537 1690 710 1764 pubertatem
730 1692 922 1764 peruenerint,
946 1689 1016 1746 filius

42 1773 163 1848 quidem
179 1772 278 1829 desinit
292 1772 392 1830 habere
408 1781 538 1845 tutorem,
554 1773 608 1830 lilia
620 1790 687 1829 uero
700 1774 877 1830 nihilominus
890 1775 917 1828 in
932 1774 1016 1830 tutela

40 1865 207 1932 permanet:
232 1865 337 1914 tantum
359 1860 429 1914 enim
452 1875 484 1914 ex
506 1857 568 1933 lege
590 1857 654 1913 lulia
669 1867 698 1915 et
715 1858 796 1931 Papia
809 1857 941 1931 Poppaea
957 1860 1016 1914 iure

39 1943 199 1998 liberorum
226 1959 240 1998 a
267 1942 350 1998 tutela
381 1941 530 1999 liberantur
556 1943 680 1998 feminae.
724 1942 863 2016 loquimur
889 1951 979 1998 autem
1009 1935 1067 2020 141,

40 2028 173 2101 exeeptis
188 2026 341 2100 uirginibus
359 2027 519 2100 Vestalibus,
536 2043 603 2100 quas
619 2029 700 2082 etiam
717 2035 824 2083 ueteres
839 2028 866 2082 in
883 2027 1017 2083 honorem

40 2111 201 2168 sacerdotii
215 2107 323 2185 (tutela)
335 2110 432 2167 liberas
448 2129 508 2168 esse
521 2111 682 2168 uoluerunt:
698 2113 789 2185 itaque
801 2113 880 2167 etiam
897 2112 959 2185 lege
969 2127 1017 2168 111
1120 2164 1122 2168 .

43 2195 203 2252 tabularum
227 2204 336 2252 cautum
358 2203 409 2252 est.
452 2191 691 2270 146.,Nepotibus
719 2204 810 2252 autem
832 2194 1017 2269 neptibusque

41 2283 83 2336 ita
101 2281 211 2336 demum
227 2294 372 2354 possumus
388 2287 555 2337 testamento
572 2289 677 2336 tutores
693 2280 767 2351 dare,
782 2282 806 2334 si
821 2288 884 2352 post
900 2287 1016 2334 mortem

42 2372 173 2420 nostram
193 2365 220 2419 in
241 2365 325 2437 patris
347 2366 389 2420 sui
409 2359 593 2438 potestatem⁵
614 2365 735 2420 recasuri
757 2381 812 2418 non
828 2365 892 2420 sint.
924 2365 1015 2436 itaque

42 2451 67 2505 si
84 2446 161 2504 lilius
177 2465 254 2504 meus
270 2451 366 2505 mortis
382 2465 457 2505 meae
470 2457 593 2522 tempora
608 2450 635 2503 in
650 2456 786 2521 potestate
799 2463 857 2503 mea
869 2444 918 2510 sit.
931 2463 1015 2521 nepo·

124 2652 145 2720 ¹)
160 2652 268 2703 Addidi.
284 2669 307 2702 m
327 2654 353 2702 V
355 2649 382 2703 ¹⁶.
436 2649 456 2720 ²)
471 2648 691 2720 mancip[ar]entur
705 2651 744 2700 ed.
761 2650 808 2716 89.
832 2649 1016 2714 Imperfectum

45 2728 134 2774 minue
148 2731 219 2774 reete
229 2739 281 2788 pro
291 2726 411 2788 perfeeto
421 2726 535 2788 positum
550 2725 666 2786 pertinet
684 2722 720 2770 ad
738 2723 784 2770 illa
799 2722 823 2770 in
843 2736 871 2769 oo
887 2722 939 2770 iure
954 2721 1016 2769 deti-

46 2804 144 2845 nentur.
210 2791 290 2860 ⁸)Sic
309 2791 359 2844 V⁸t
372 2795 410 2844 uel
423 2796 482 2844 edd.
500 2796 587 2858 prior.
650 2789 675 2858 ⁴)
690 2793 874 2856 inpuberib.que
889 2793 911 2841 ι’
927 2793 1015 2841 nubtae

46 2869 96 2916 sint
115 2865 145 2915 V
145 2861 173 2914 ¹².
197 2865 289 2932 Itaque
299 2873 409 2930 praeter
419 2868 627 2930 supplementum,
638 2865 669 2912 de
680 2879 729 2928 quo
740 2862 857 2912 dubitari
865 2865 914 2912 aian
921 2865 1014 2927 possit,

47 2953 127 2987 unam
142 2938 284 2986 litterulam
298 2937 305 2985 l
320 2938 421 2986 addidi.
447 2931 456 2946 '
473 2935 494 3003 ⁶)
510 2937 560 2985 lure
575 2935 735 2985 inseruerit).
750 2935 808 2984 edd.
829 2935 889 2983 th.
906 2931 1013 2984 ‘Gaius’

44 3026 71 3072 p.
89 3021 125 3060 aa.
166 3055 169 3060 .

120 3198 716 3271 §§142.143.=pr.I.detutelis(1,1t).
776 3195 801 3268 ξ
818 3202 877 3250 144.
900 3198 938 3260 Os.
958 3195 1014 3260 [Jtp.

48 3287 82 3334 11,
97 3288 118 3324 ι.
134 3286 169 3326 15.
189 3273 233 3322 ll.
254 3273 312 3323 Vat.
328 3286 375 3325 aas.
395 3275 418 3335 ξ.
433 3285 453 3324 a.
474 3272 549 3321 Lair.
565 3273 608 3321 ott.
624 3270 656 3336 (1,
672 3269 723 3335 aa);
746 3297 781 3305 -
799 3270 872 3332 infra
893 3271 915 3329 §-
931 3280 977 3318 ιιι.
994 3279 1014 3324 2,

49 3357 96 3396 mo.
111 3356 159 3396 aas.
183 3345 241 3395 Lis.
256 3357 294 3403 aa,
310 3357 330 3394 2.
352 3344 403 3394 Oia.
419 3359 472 3407 pro
491 3343 561 3393 Mar.
581 3354 617 3392 12.
640 3341 730 3390 Boetia.
751 3342 778 3388 in
795 3340 846 3388 Oto.
866 3338 927 3401 Top.
943 3350 963 3388 4.
980 3349 1013 3387 ιι.

47 3433 73 3479 p.
88 3427 138 3467 eos.
152 3427 199 3467 aas.
215 3427 255 3466 242
269 3414 338 3464 Bait.
354 3414 451 3464 isidor.
469 3413 513 3462 Or.
528 3426 548 3471 s,
564 3423 583 3463 n.
600 3415 623 3474 ξ.
639 3425 673 3462 so.
742 3406 768 3477 ξ.
785 3413 843 3460 145.
873 3409 911 3472 Of.
928 3411 950 3470 ξ.
967 3420 1014 3458 rsa.

50 3499 70 3541 a.
84 3499 119 3537 44.
143 3485 198 3550 Utp.
213 3498 247 3545 ιι,
262 3499 296 3536 14.
312 3498 346 3538 15.
361 3513 396 3522 ——
412 3485 546 3534 Plutarch.
565 3481 638 3532 Num.
654 3494 687 3532 ιο.
709 3481 759 3530 llio
774 3491 808 3539 ιι,
823 3493 858 3531 ιο.
910 3475 936 3546 ξ.
954 3481 1013 3529 146.

52 3580 83 3599 =
99 3561 121 3620 ξ.
137 3569 158 3609 a.
174 3557 196 3606 I.
212 3558 250 3606 tit.
266 3559 310 3606 cit.
