2470 3972
358 157 416 193 carr
434 158 525 194 mersu.
545 138 592 192 IV.
614 145 763 195 ltu-150.
973 137 1038 202 249

79 289 180 358 sciens,
197 287 229 343 ad
245 305 345 344 senon
360 290 507 362 pertinere,
523 287 660 361 possidet:
677 289 738 344 ideo
750 297 841 344 antem
853 287 1040 360 adipiscendae

78 373 262 446 possessionis
292 382 408 429 uocatur
436 365 680 448 'bitterdictum)‚¹
709 374 771 448 quia
799 375 823 428 ei
846 380 951 427 unium
975 371 1040 428 utiie

55 507 60 516 .
78 465 134 528 est,
157 458 205 530 qui
226 473 299 514 nuuc
314 459 429 530 primum
444 464 558 512 conatur
572 456 686 530 adipisci
699 458 739 512 rei
754 457 971 530 possessionem
987 455 1038 511 ita-

79 542 173 614 quest
188 542 249 614 quis
264 541 379 614 adeptus
395 542 596 615 possessionem
612 544 744 612 amiserit,
760 542 859 597 desinit
874 541 898 596 ei
913 539 940 594 id
955 541 1039 596 inter·

9 629 67 678 [³11]
80 624 186 682 dictum
203 625 269 682 utile
285 641 353 682 esse.
397 623 464 682 145.
486 624 622 682 bonorum
646 641 756 700 quoque
777 625 893 699 emptori
916 625 1040 679 similiter
1162 693 1166 704 Ι

77 710 244 782 proponitur
266 709 458 780 interdictum,
484 710 558 782 quod
585 710 692 783 quidam
708 710 908 784 possessorium
931 717 1060 770 uocant..

75 789 145 850 146.
169 793 234 850 item
250 795 286 866 ei,
303 795 350 868 qni
365 785 504 868 ’pubiice²
518 792 588 848 bona
604 796 716 866 emerit,
737 793 856 850 eiusdem
871 791 1039 850 condicionis

75 877 251 934 interdictum
279 880 458 952 proponitur,
492 877 565 952 quod
592 877 743 951 appellatur
770 879 933 949 sectoriam,
966 877 1040 950 qnod

76 970 202 1019 sectores
220 973 362 1035 uocantur,
379 964 426 1036 qui
448 961 555 1036 publice
570 963 641 1018 bona
660 971 824 1020 mercantur.
867 957 930 1019 14⁷.
947 961 1038 1017 inter·

76 1045 180 1102 dictum
196 1063 322 1120 quoque,
346 1047 419 1120 quod
434 1045 586 1120 appellatur
601 1047 771 1117 Saluianum,
793 1048 953 1120 apiscendae
976 1063 1039 1120 pos·

75 1131 208 1186 sessionis
235 1126 377 1202 'iceuso)³
402 1139 577 1204 conparatum
604 1140 660 1200 cst,
687 1148 775 1206 eoque
803 1133 890 1187 utitur
911 1131 1038 1187 dominus

75 1213 155 1290 iundi
171 1215 204 1270 de
220 1215 299 1271 rebus
315 1215 416 1284 coloni,
433 1233 499 1288 quas
516 1219 541 1270 is
557 1207 637 1290 (pro)
651 1215 819 1273 mercedibus
836 1215 912 1270 iundi
928 1215 1037 1289 pignori

76 1298 183 1354 suturas
198 1301 356 1374 pepigisset.
400 1296 466 1360 148.
490 1300 654 1356 Retinendae
676 1301 857 1372 possessionis
873 1317 951 1355 causa
967 1299 1038 1354 soiet

75 1382 253 1440 interdictum
272 1383 364 1454 reddi,
384 1400 445 1440 cum
466 1385 498 1440 ab
520 1392 640 1455 utreque
661 1393 736 1458 parte
759 1385 792 1440 de
807 1385 974 1458 proprietate
990 1383 1038 1439 aii·

75 1469 155 1522 cuius
171 1469 210 1523 rei
225 1469 411 1524 controuersia
428 1477 485 1539 est,
501 1476 528 1523 et
544 1476 606 1523 anto
622 1472 775 1542 quaeritur,
792 1477 854 1524 nter
868 1485 900 1524 cx
915 1469 1037 1540 litigato-

74 1551 153 1606 ribus
168 1552 309 1624 possidere
329 1559 358 1607 et
373 1561 434 1608 uter
455 1561 547 1625 petere
571 1552 680 1608 debeat:
703 1556 779 1610 cuius
800 1556 839 1609 rei
857 1555 944 1624 gratia
965 1569 1038 1610 com·

73 1643 170 1707 parata
196 1643 263 1692 sunt
283 1653 337 1695 vrt
356 1651 543 1694 rosstnurrs
566 1644 594 1692 et
615 1653 740 1695 vrnvar.
784 1633 850 1694 149.
874 1638 906 1694 Et
929 1637 1037 1710 quidem

73 1735 133 1777 vrt
146 1733 332 1778 Posstnuurs
348 1720 520 1777 interdictum
536 1720 662 1776 defundi
677 1723 722 1777 uel
737 1723 842 1778 aedium
858 1723 1036 1796 possessione

71 1797 129 1858 iis⁴
143 1803 276 1876 redditur,
297 1819 413 1862 vannat
434 1821 502 1860 uero
524 1805 557 1860 de
577 1821 670 1860 rerum
692 1806 831 1862 mobilium
852 1809 1037 1878 possessione.

71 1883 140 1947 150.
158 1887 189 1944 ut
204 1889 336 1962 siquidem
353 1889 385 1945 de
402 1889 485 1944 iundo
501 1889 546 1944 uel
562 1888 671 1945 aedibus
691 1884 696 1963 Ι
715 1891 896 1961 interdicitur,
913 1907 973 1947 eum
986 1900 1107 1964 [30-236.

72 1975 174 2028 tiorem
189 1988 250 2028 esse
265 1983 375 2046 praetor
396 1973 486 2044 iubet,
509 1975 556 2047 qui
572 1989 605 2029 eo
626 1983 763 2047 tempore,
788 1992 842 2049 quo
863 1976 1035 2032 interdictum

73 2055 211 2126 redditur,
226 2073 277 2114 nec
292 2059 319 2112 ui
334 2075 385 2114 nec
399 2058 466 2120 ciam
479 2074 529 2114 nec
540 2060 662 2132 precario
675 2058 708 2114 ab
718 2059 873 2115 aduersario
884 2061 1036 2133 possideat:

73 2142 98 2196 si
114 2157 184 2196 uero
199 2141 233 2197 de
253 2159 283 2197 re
305 2143 411 2212 mobili,
433 2137 515 2198 eum⁵
530 2144 664 2215 potiorem
681 2159 741 2198 esse
755 2142 846 2212 iubet,
868 2145 913 2217 qui
935 2146 1037 2200 maiore

73 2233 155 2299 parte
177 2225 234 2280 eius
256 2228 319 2282 anni
339 2243 389 2282 nec
410 2228 436 2281 ui
457 2243 508 2282 nec
528 2227 596 2282 clam
618 2241 669 2283 uec
690 2229 812 2300 precario
833 2227 865 2282 ab
881 2229 1036 2284 aduersario

74 2304 276 2382 ’possederint
291 2311 373 2384 idque
384 2311 449 2366 satis
462 2312 527 2384 ipsis
539 2309 629 2368 uerbis
641 2310 846 2368 interdictorum
859 2310 1036 2386 significatur.

150 2528 170 2595 ¹)
185 2531 287 2582 Addidi
305 2548 339 2581 eac
353 2531 417 2582 Inst.
492 2529 513 2598 ¹)
532 2532 627 2595 publica
643 2533 669 2582 0.
684 2534 742 2583 edd.
757 2532 806 2598 Bp.
821 2532 946 2590 6184301,
966 2535 1036 2598 quod

72 2602 193 2664 defendit
207 2602 313 2654 Lacbnn
345 2601 398 2652 Sed
411 2601 478 2652 bona
491 2611 552 2652 sunt
565 2604 752 2662 detunctorum,
767 2619 831 2668 quae
844 2601 967 2668 ‘publice'
984 2606 1001 2654 i.
1012 2621 1034 2654 e.

66 2671 178 2736 publica
192 2676 348 2723 auctoritate
357 2674 503 2724 venduntur
516 2681 541 2723 et
549 2682 676 2732 emuntur,
690 2675 748 2723 duan
759 2675 904 2724 creditores
910 2677 1035 2738 privatim

71 2743 188 2792 vendunt
206 2744 239 2793 L.
259 2755 285 2796 63
305 2745 337 2794 D.
357 2745 388 2794 de
407 2745 485 2794 aedil.
505 2745 544 2794 cd.
564 2743 610 2811 (m,
629 2746 665 2810 ι),
685 2759 735 2794 non
750 2745 871 2808 publico,
890 2761 940 2810 quo
957 2761 1034 2796 sensu

73 2813 281 2876 sinisteritatis,
301 2828 333 2866 10.
349 2827 382 2866 11.
396 2828 423 2872 t,
438 2827 471 2866 28.
498 2816 536 2878 Os.
552 2815 630 2866 uerba
643 2831 695 2879 seq.
710 2823 735 2865 st
749 2829 773 2873 1,
788 2827 822 2868 2⁶1.
874 2811 895 2881 ³)
910 2815 956 2866 Em
969 2817 1033 2868 lost.

70 2885 175 2933 addidi.
239 2883 260 2952 ⁴)
275 2887 442 2952 possession-iis
459 2886 484 2934 0.
503 2887 658 2950 possessione
673 2886 731 2936 edd.
798 2885 818 2952 ⁵)
834 2901 902 2936 neum
914 2903 965 2951 pro
980 2903 1034 2938 eum

24 2973 26 2982 ,
70 2953 200 3004 librarius
214 2958 351 3022 scripsisse
365 2958 476 3007 uidetur.
528 2953 550 3024 ⁶)
564 2957 674 3021 possidet
689 2957 714 3008 0.
730 2959 770 3006 ed.
784 2957 833 3022 Bp.
849 2959 883 3021 cs.
899 2960 922 3020 θ.
938 2969 984 3010 103.

71 3081 288 3089 ...ῃ-

144 3144 170 3218 ξ.
187 3151 245 3200 145.
268 3151 305 3214 Of.
320 3163 341 3209 3,
355 3163 389 3202 60.
439 3149 465 3221 ξ.
482 3155 541 3204 146.
564 3152 603 3215 Cf.
619 3165 640 3210 3,
655 3164 688 3203 30.
706 3152 757 3201 Cic.
770 3167 821 3216 pro
837 3149 913 3201 diosc.
931 3150 987 3201 Ana.
998 3163 1032 3202 36.

69 3222 94 3282 5.
111 3231 158 3270 ros.
176 3220 244 3270 Pbtt.
259 3232 280 3280 a,
296 3231 329 3274 eo.
345 3233 378 3273 ao.
393 3221 478 3274 Senot.
501 3221 553 3273 Cic.
574 3223 651 3273 Verr.
667 3222 704 3274 II.
725 3237 750 3282 1,
765 3235 798 3274 ao.
818 3224 841 3284 ς.
857 3234 890 3273 sn.
905 3233 939 3272 sa.
959 3223 982 3282 ς.
998 3234 1032 3273 er.

70 3291 140 3340 Fest.
155 3308 177 3340 0.
192 3290 313 3342 Sectores
327 3308 355 3356 p.
370 3303 418 3344 337.
499 3289 601 3362 5147.
621 3316 655 3336 =
674 3296 696 3356 ξ.
711 3306 732 3344 3.
751 3293 773 3344 I.
793 3293 817 3342 b.
833 3299 850 3342 t.
866 3291 902 3358 (4,
921 3292 965 3358 15).
993 3292 1031 3355 Cf.

72 3361 186 3425 Tbeopb.
202 3361 234 3412 to.
289 3359 334 3430 ἓξ.
351 3363 409 3413 148.
425 3367 484 3415 149.
499 3385 533 3407 =
548 3367 572 3428 ξ.
586 3378 607 3416 4.
628 3363 698 3414 Lib.
716 3363 754 3428 Cf.
768 3379 850 3427 supro
865 3365 888 3425 5.
905 3375 938 3414 01.
955 3363 1031 3411 Paul.

68 3445 90 3490 3,
105 3445 126 3483 6.
142 3434 165 3494 ξ.
181 3446 201 3483 1.
218 3433 285 3483 Fest.
300 3449 339 3496 ep.
355 3451 376 3482 0.
398 3435 532 3486 Possessio
542 3452 571 3499 p.
587 3449 635 3487 aaa.
650 3436 681 3485 L.
696 3449 706 3486 1
717 3451 762 3499 pr.
773 3437 796 3497 §-
807 3447 828 3485 3.
841 3435 871 3483 Ι).
885 3436 922 3483 uti
929 3434 1040 3494 possid„

70 3501 115 3568 (43,
132 3502 176 3570 tt),
190 3504 223 3553 L.
239 3517 259 3554 1.
270 3520 315 3568 pr.
330 3505 362 3554 D.
379 3505 466 3555 utrobi
480 3503 524 3570 (43,
539 3506 591 3572 st),·
606 3507 679 3570 infra
693 3520 715 3566 t,
730 3519 776 3558 160.
