<?xml version="1.0" encoding="UTF-8"?>
<!DOCTYPE html PUBLIC "-//W3C//DTD XHTML 1.0 Transitional//EN"
    "http://www.w3.org/TR/xhtml1/DTD/xhtml1-transitional.dtd">
<html xmlns="http://www.w3.org/1999/xhtml" xml:lang="en" lang="en">
 <head>
  <title>
</title>
<meta http-equiv="Content-Type" content="text/html;charset=utf-8" />
  <meta name='ocr-system' content='tesseract 3.04.00' />
  <meta name='ocr-capabilities' content='ocr_page ocr_carea ocr_par ocr_line ocrx_word'/>
</head>
<body>
  <div class='ocr_page' id='page_1' title='image "./gaiiinstitution00huscgoog_0084.png"; bbox 0 0 2496 3984; ppageno 0'>
   <div class='ocr_carea' id='block_1_1' title="bbox 329 154 1038 250">
    <p class='ocr_par' dir='ltr' id='par_1_1' title="bbox 329 154 1038 250">
     <span class='ocr_line' id='line_1_1' title="bbox 329 154 1038 250; baseline 0 -26"><span class='ocrx_word' id='word_1_1' title='bbox 329 154 332 160; x_wconf 14' lang='grc' dir='ltr'><strong>Ἰ</strong></span> <span class='ocrx_word' id='word_1_2' title='bbox 391 188 450 250; x_wconf 72' lang='lat' dir='ltr'><strong>supr</strong></span> <span class='ocrx_word' id='word_1_3' title='bbox 468 190 560 223; x_wconf 82' lang='lat' dir='ltr'><strong>1usr1r.</strong></span> <span class='ocrx_word' id='word_1_4' title='bbox 580 172 614 223; x_wconf 89' lang='grc' dir='ltr'><strong>ΙΙ.</strong></span> <span class='ocrx_word' id='word_1_5' title='bbox 635 177 730 225; x_wconf 81' lang='lat'>9—14.</span> <span class='ocrx_word' id='word_1_6' title='bbox 998 173 1038 236; x_wconf 75' lang='grc'><strong>77</strong></span> 
     </span>
    </p>
   </div>
   <div class='ocr_carea' id='block_1_2' title="bbox 67 317 1093 985">
    <p class='ocr_par' dir='ltr' id='par_1_2' title="bbox 67 317 1093 729">
     <span class='ocr_line' id='line_1_2' title="bbox 67 317 1039 392; baseline 0.003 -18"><span class='ocrx_word' id='word_1_7' title='bbox 67 321 140 374; x_wconf 79' lang='lat' dir='ltr'><strong>tauri</strong></span> <span class='ocrx_word' id='word_1_8' title='bbox 162 327 192 374; x_wconf 86' lang='lat' dir='ltr'><strong>et</strong></span> <span class='ocrx_word' id='word_1_9' title='bbox 214 326 331 392; x_wconf 82' lang='lat' dir='ltr'><strong>portae,</strong></span> <span class='ocrx_word' id='word_1_10' title='bbox 357 318 555 392; x_wconf 82' lang='lat' dir='ltr'><strong>quodammodo</strong></span> <span class='ocrx_word' id='word_1_11' title='bbox 581 319 666 376; x_wconf 89' lang='lat' dir='ltr'><strong>diuini</strong></span> <span class='ocrx_word' id='word_1_12' title='bbox 693 321 759 376; x_wconf 88' lang='lat' dir='ltr'><strong>iuris</strong></span> <span class='ocrx_word' id='word_1_13' title='bbox 784 329 860 376; x_wconf 89' lang='lat' dir='ltr'><strong>suat.</strong></span> <span class='ocrx_word' id='word_1_14' title='bbox 887 317 938 376; x_wconf 83' lang='grc'><strong>·9.</strong></span> <span class='ocrx_word' id='word_1_15' title='bbox 963 319 1039 388; x_wconf 81' lang='lat' dir='ltr'><strong>Quod</strong></span> 
     </span>
     <span class='ocr_line' id='line_1_3' title="bbox 69 403 1039 479; baseline 0.003 -20"><span class='ocrx_word' id='word_1_16' title='bbox 69 412 162 459; x_wconf 81' lang='lat' dir='ltr'><strong>autem</strong></span> <span class='ocrx_word' id='word_1_17' title='bbox 178 405 273 459; x_wconf 78' lang='lat' dir='ltr'><strong>diuini</strong></span> <span class='ocrx_word' id='word_1_18' title='bbox 286 405 356 460; x_wconf 89' lang='lat' dir='ltr'><strong>iuris</strong></span> <span class='ocrx_word' id='word_1_19' title='bbox 371 411 428 473; x_wconf 87' lang='lat' dir='ltr'><strong>est,</strong></span> <span class='ocrx_word' id='word_1_20' title='bbox 445 403 471 457; x_wconf 91' lang='lat' dir='ltr'><strong>id</strong></span> <span class='ocrx_word' id='word_1_21' title='bbox 487 403 594 458; x_wconf 88' lang='lat' dir='ltr'><strong>nullius·</strong></span> <span class='ocrx_word' id='word_1_22' title='bbox 605 405 633 459; x_wconf 90' lang='lat' dir='ltr'><strong>iu</strong></span> <span class='ocrx_word' id='word_1_23' title='bbox 647 403 726 460; x_wconf 89' lang='lat' dir='ltr'><strong>houis</strong></span> <span class='ocrx_word' id='word_1_24' title='bbox 742 412 799 460; x_wconf 86' lang='lat' dir='ltr'><strong>ost:</strong></span> <span class='ocrx_word' id='word_1_25' title='bbox 820 405 846 460; x_wconf 91' lang='lat' dir='ltr'><strong>id</strong></span> <span class='ocrx_word' id='word_1_26' title='bbox 862 421 945 479; x_wconf 80' lang='lat' dir='ltr'><strong>uero,</strong></span> <span class='ocrx_word' id='word_1_27' title='bbox 967 405 1039 479; x_wconf 89' lang='lat' dir='ltr'><strong>quod</strong></span> 
     </span>
     <span class='ocr_line' id='line_1_4' title="bbox 68 482 1093 560; baseline 0.002 -18"><span class='ocrx_word' id='word_1_28' title='bbox 68 489 183 543; x_wconf 85' lang='lat' dir='ltr'><strong>humani</strong></span> <span class='ocrx_word' id='word_1_29' title='bbox 204 486 209 557; x_wconf 92' lang='grc' dir='ltr'>Ι</span> <span class='ocrx_word' id='word_1_30' title='bbox 234 482 326 544; x_wconf 80' lang='lat' dir='ltr'><strong>¹r&#39;uris</strong></span> <span class='ocrx_word' id='word_1_31' title='bbox 342 495 395 560; x_wconf 88' lang='lat' dir='ltr'><strong>est,</strong></span> <span class='ocrx_word' id='word_1_32' title='bbox 410 489 581 559; x_wconf 82' lang='lat' dir='ltr'><strong>pierumque</strong></span> <span class='ocrx_word' id='word_1_33' title='bbox 596 491 719 546; x_wconf 80' lang='lat' dir='ltr'><strong>alicuius</strong></span> <span class='ocrx_word' id='word_1_34' title='bbox 733 493 763 545; x_wconf 84' lang='lat' dir='ltr'><strong>ta</strong></span> <span class='ocrx_word' id='word_1_35' title='bbox 779 491 859 546; x_wconf 82' lang='lat' dir='ltr'><strong>bonis</strong></span> <span class='ocrx_word' id='word_1_36' title='bbox 874 497 931 558; x_wconf 81' lang='lat' dir='ltr'><strong>est3</strong></span> <span class='ocrx_word' id='word_1_37' title='bbox 945 499 1040 560; x_wconf 88' lang='lat' dir='ltr'><strong>potest</strong></span> <span class='ocrx_word' id='word_1_38' title='bbox 1051 499 1093 548; x_wconf 82' lang='lat' dir='ltr'><strong>oo.</strong></span> 
     </span>
     <span class='ocr_line' id='line_1_5' title="bbox 71 569 1091 643; baseline 0.004 -16"><span class='ocrx_word' id='word_1_39' title='bbox 71 579 169 628; x_wconf 88' lang='lat' dir='ltr'><strong>autem</strong></span> <span class='ocrx_word' id='word_1_40' title='bbox 186 580 217 628; x_wconf 88' lang='lat' dir='ltr'><strong>et</strong></span> <span class='ocrx_word' id='word_1_41' title='bbox 233 574 342 628; x_wconf 77' lang='lat' dir='ltr'><strong>nuttios</strong></span> <span class='ocrx_word' id='word_1_42' title='bbox 356 576 386 628; x_wconf 84' lang='lat' dir='ltr'><strong>in</strong></span> <span class='ocrx_word' id='word_1_43' title='bbox 402 574 483 628; x_wconf 80' lang='lat' dir='ltr'><strong>bouis</strong></span> <span class='ocrx_word' id='word_1_44' title='bbox 497 588 576 628; x_wconf 84' lang='lat' dir='ltr'><strong>esse:</strong></span> <span class='ocrx_word' id='word_1_45' title='bbox 591 591 658 629; x_wconf 87' lang='lat' dir='ltr'><strong>uam</strong></span> <span class='ocrx_word' id='word_1_46' title='bbox 674 590 723 630; x_wconf 86' lang='lat' dir='ltr'><strong>res</strong></span> <span class='ocrx_word' id='word_1_47' title='bbox 737 575 941 643; x_wconf 80' lang='lat' dir='ltr'><em>hereditariae,</em></span> <span class='ocrx_word' id='word_1_48' title='bbox 959 569 1091 630; x_wconf 53' lang='lat' dir='ltr'><strong>ante-”⁴</strong></span> 
     </span>
     <span class='ocr_line' id='line_1_6' title="bbox 70 658 873 729; baseline 0.002 -17"><span class='ocrx_word' id='word_1_49' title='bbox 70 675 157 728; x_wconf 82' lang='lat' dir='ltr'><strong>quam</strong></span> <span class='ocrx_word' id='word_1_50' title='bbox 173 659 285 729; x_wconf 82' lang='lat' dir='ltr'><strong>aliquis</strong></span> <span class='ocrx_word' id='word_1_51' title='bbox 299 658 385 713; x_wconf 79' lang='lat' dir='ltr'><strong>iteres</strong></span> <span class='ocrx_word' id='word_1_52' title='bbox 400 660 519 728; x_wconf 82' lang='lat' dir='ltr'><strong>existat,</strong></span> <span class='ocrx_word' id='word_1_53' title='bbox 535 659 642 713; x_wconf 85' lang='lat' dir='ltr'><strong>nultius</strong></span> <span class='ocrx_word' id='word_1_54' title='bbox 655 661 685 714; x_wconf 82' lang='lat' dir='ltr'><strong>ia</strong></span> <span class='ocrx_word' id='word_1_55' title='bbox 701 659 781 714; x_wconf 81' lang='lat' dir='ltr'><strong>bouis</strong></span> <span class='ocrx_word' id='word_1_56' title='bbox 796 665 873 715; x_wconf 84' lang='lat' dir='ltr'><strong>sunt.</strong></span> 
     </span>
    </p>

    <p class='ocr_par' dir='ltr' id='par_1_3' title="bbox 68 739 1039 985">
     <span class='ocr_line' id='line_1_7' title="bbox 68 739 1039 816; baseline 0.007 -24"><span class='ocrx_word' id='word_1_57' title='bbox 68 758 109 795; x_wconf 87' lang='lat' dir='ltr'><strong>vv.</strong></span> <span class='ocrx_word' id='word_1_58' title='bbox 127 741 186 796; x_wconf 87' lang='lat' dir='ltr'><strong>iere</strong></span> <span class='ocrx_word' id='word_1_59' title='bbox 205 741 225 798; x_wconf 90' lang='lat'><em>8</em></span> <span class='ocrx_word' id='word_1_60' title='bbox 243 771 395 780; x_wconf 83' lang='lat'>——--</span> <span class='ocrx_word' id='word_1_61' title='bbox 410 757 445 796; x_wconf 86' lang='lat' dir='ltr'><strong>ae</strong></span> <span class='ocrx_word' id='word_1_62' title='bbox 466 741 586 796; x_wconf 87' lang='lat' dir='ltr'><strong>domiuo.</strong></span> <span class='ocrx_word' id='word_1_63' title='bbox 628 740 671 800; x_wconf 88' lang='grc'><strong>10.</strong></span> <span class='ocrx_word' id='word_1_64' title='bbox 694 741 750 798; x_wconf 83' lang='lat' dir='ltr'><strong>Hae</strong></span> <span class='ocrx_word' id='word_1_65' title='bbox 765 753 855 798; x_wconf 86' lang='lat' dir='ltr'><strong>autom</strong></span> <span class='ocrx_word' id='word_1_66' title='bbox 871 739 954 816; x_wconf 74' lang='lat' dir='ltr'><strong>(res),</strong></span> <span class='ocrx_word' id='word_1_67' title='bbox 971 761 1039 816; x_wconf 82' lang='lat' dir='ltr'><strong>quae</strong></span> 
     </span>
     <span class='ocr_line' id='line_1_8' title="bbox 70 824 1039 900; baseline 0.005 -21"><span class='ocrx_word' id='word_1_68' title='bbox 70 825 182 880; x_wconf 78' lang='lat' dir='ltr'><strong>hument</strong></span> <span class='ocrx_word' id='word_1_69' title='bbox 198 826 271 880; x_wconf 90' lang='lat' dir='ltr'><strong>iuris</strong></span> <span class='ocrx_word' id='word_1_70' title='bbox 287 835 361 897; x_wconf 88' lang='lat' dir='ltr'><strong>sunt,</strong></span> <span class='ocrx_word' id='word_1_71' title='bbox 378 833 429 882; x_wconf 85' lang='lat' dir='ltr'><strong>aut</strong></span> <span class='ocrx_word' id='word_1_72' title='bbox 441 824 575 896; x_wconf 81' lang='lat' dir='ltr'><strong>publicae</strong></span> <span class='ocrx_word' id='word_1_73' title='bbox 590 835 655 882; x_wconf 92' lang='lat' dir='ltr'><strong>suut</strong></span> <span class='ocrx_word' id='word_1_74' title='bbox 669 835 715 882; x_wconf 83' lang='lat' dir='ltr'><strong>aut</strong></span> <span class='ocrx_word' id='word_1_75' title='bbox 729 827 862 900; x_wconf 84' lang='lat' dir='ltr'><strong>priuatae.</strong></span> <span class='ocrx_word' id='word_1_76' title='bbox 895 825 941 884; x_wconf 26' lang='lat'>¹11.</span> <span class='ocrx_word' id='word_1_77' title='bbox 966 827 1039 894; x_wconf 83' lang='lat' dir='ltr'><strong>Quae</strong></span> 
     </span>
     <span class='ocr_line' id='line_1_9' title="bbox 69 907 1039 985; baseline 0.005 -23"><span class='ocrx_word' id='word_1_78' title='bbox 69 907 195 982; x_wconf 78' lang='lat' dir='ltr'><strong>publicae</strong></span> <span class='ocrx_word' id='word_1_79' title='bbox 212 917 290 980; x_wconf 87' lang='lat' dir='ltr'><strong>suut,</strong></span> <span class='ocrx_word' id='word_1_80' title='bbox 306 908 411 966; x_wconf 87' lang='lat' dir='ltr'><strong>nullius</strong></span> <span class='ocrx_word' id='word_1_81' title='bbox 426 909 555 966; x_wconf 85' lang='lat' dir='ltr'><strong>uidentur</strong></span> <span class='ocrx_word' id='word_1_82' title='bbox 570 910 598 964; x_wconf 90' lang='lat' dir='ltr'><strong>iu</strong></span> <span class='ocrx_word' id='word_1_83' title='bbox 613 908 691 966; x_wconf 89' lang='lat' dir='ltr'><strong>bonis</strong></span> <span class='ocrx_word' id='word_1_84' title='bbox 708 927 780 985; x_wconf 85' lang='lat' dir='ltr'><strong>esso;</strong></span> <span class='ocrx_word' id='word_1_85' title='bbox 798 912 882 984; x_wconf 91' lang='lat' dir='ltr'><strong>ipsius</strong></span> <span class='ocrx_word' id='word_1_86' title='bbox 895 913 964 968; x_wconf 83' lang='lat' dir='ltr'><strong>enim</strong></span> <span class='ocrx_word' id='word_1_87' title='bbox 981 913 1039 967; x_wconf 88' lang='lat' dir='ltr'><strong>uni·</strong></span> 
     </span>
    </p>
   </div>
   <div class='ocr_carea' id='block_1_3' title="bbox 71 993 1039 1133">
    <p class='ocr_par' dir='ltr' id='par_1_4' title="bbox 71 993 1039 1133">
     <span class='ocr_line' id='line_1_10' title="bbox 71 993 1039 1070; baseline 0.004 -22"><span class='ocrx_word' id='word_1_88' title='bbox 71 994 214 1050; x_wconf 83' lang='lat' dir='ltr'><strong>uersitatis</strong></span> <span class='ocrx_word' id='word_1_89' title='bbox 239 1009 302 1050; x_wconf 87' lang='lat' dir='ltr'><strong>esse</strong></span> <span class='ocrx_word' id='word_1_90' title='bbox 325 993 485 1050; x_wconf 87' lang='lat' dir='ltr'><strong>ereduntur.</strong></span> <span class='ocrx_word' id='word_1_91' title='bbox 529 995 651 1067; x_wconf 81' lang='lat' dir='ltr'><strong>priuatae</strong></span> <span class='ocrx_word' id='word_1_92' title='bbox 671 1005 750 1067; x_wconf 88' lang='lat' dir='ltr'><strong>suut,</strong></span> <span class='ocrx_word' id='word_1_93' title='bbox 776 1011 846 1068; x_wconf 84' lang='lat' dir='ltr'><strong>quae</strong></span> <span class='ocrx_word' id='word_1_94' title='bbox 866 996 1039 1070; x_wconf 85' lang='lat' dir='ltr'><strong>singulorum</strong></span> 
     </span>
     <span class='ocr_line' id='line_1_11' title="bbox 72 1085 236 1133; baseline -0.006 0"><span class='ocrx_word' id='word_1_95' title='bbox 72 1085 146 1133; x_wconf 87' lang='lat' dir='ltr'><strong>suat.</strong></span> <span class='ocrx_word' id='word_1_96' title='bbox 233 1127 236 1132; x_wconf 77' lang='grc'><strong>,</strong></span> 
     </span>
    </p>
   </div>
   <div class='ocr_carea' id='block_1_4' title="bbox 72 1159 1073 1742">
    <p class='ocr_par' dir='ltr' id='par_1_5' title="bbox 72 1159 1073 1742">
     <span class='ocr_line' id='line_1_12' title="bbox 134 1159 1038 1238; baseline 0.002 -20"><span class='ocrx_word' id='word_1_97' title='bbox 134 1159 183 1218; x_wconf 83' lang='lat'><strong>12.</strong></span> <span class='ocrx_word' id='word_1_98' title='bbox 221 1161 358 1229; x_wconf 79' lang='lat' dir='ltr'><em>Quaedam</em></span> <span class='ocrx_word' id='word_1_99' title='bbox 385 1170 522 1234; x_wconf 84' lang='lat' dir='ltr'><strong>praeterea</strong></span> <span class='ocrx_word' id='word_1_100' title='bbox 550 1179 593 1218; x_wconf 87' lang='lat' dir='ltr'><strong>res</strong></span> <span class='ocrx_word' id='word_1_101' title='bbox 617 1163 772 1238; x_wconf 81' lang='lat' dir='ltr'><strong>corporales</strong></span> <span class='ocrx_word' id='word_1_102' title='bbox 800 1173 881 1237; x_wconf 83' lang='lat' dir='ltr'><strong>suut,</strong></span> <span class='ocrx_word' id='word_1_103' title='bbox 909 1165 1038 1238; x_wconf 83' lang='lat' dir='ltr'><strong>quaedam</strong></span> 
     </span>
     <span class='ocr_line' id='line_1_13' title="bbox 72 1240 1039 1324; baseline 0.006 -24"><span class='ocrx_word' id='word_1_104' title='bbox 72 1247 273 1320; x_wconf 78' lang='lat' dir='ltr'><strong>incorporales.</strong></span> <span class='ocrx_word' id='word_1_105' title='bbox 316 1243 361 1304; x_wconf 79' lang='lat'><strong>13.</strong></span> <span class='ocrx_word' id='word_1_106' title='bbox 384 1240 583 1324; x_wconf 76' lang='lat' dir='ltr'><strong>(Corporales)</strong></span> <span class='ocrx_word' id='word_1_107' title='bbox 605 1247 654 1302; x_wconf 82' lang='lat' dir='ltr'><strong>hue</strong></span> <span class='ocrx_word' id='word_1_108' title='bbox 677 1244 779 1322; x_wconf 86' lang='lat' dir='ltr'><strong>(suat),</strong></span> <span class='ocrx_word' id='word_1_109' title='bbox 796 1265 864 1320; x_wconf 84' lang='lat' dir='ltr'><strong>quae</strong></span> <span class='ocrx_word' id='word_1_110' title='bbox 881 1250 954 1320; x_wconf 79' lang='lat' dir='ltr'><strong>tangi</strong></span> <span class='ocrx_word' id='word_1_111' title='bbox 976 1267 1039 1322; x_wconf 92' lang='lat' dir='ltr'><strong>pos·</strong></span> 
     </span>
     <span class='ocr_line' id='line_1_14' title="bbox 72 1331 1040 1406; baseline 0.005 -22"><span class='ocrx_word' id='word_1_112' title='bbox 72 1339 145 1402; x_wconf 85' lang='lat' dir='ltr'><strong>suut,</strong></span> <span class='ocrx_word' id='word_1_113' title='bbox 161 1331 244 1386; x_wconf 85' lang='lat' dir='ltr'><strong>uelut</strong></span> <span class='ocrx_word' id='word_1_114' title='bbox 256 1331 369 1403; x_wconf 80' lang='lat' dir='ltr'><strong>fundus,</strong></span> <span class='ocrx_word' id='word_1_115' title='bbox 384 1332 475 1400; x_wconf 90' lang='lat' dir='ltr'><strong>homo,</strong></span> <span class='ocrx_word' id='word_1_116' title='bbox 493 1333 589 1403; x_wconf 89' lang='lat' dir='ltr'><strong>uestis,</strong></span> <span class='ocrx_word' id='word_1_117' title='bbox 597 1347 710 1402; x_wconf 79' lang='lat' dir='ltr'><strong>aurunt,</strong></span> <span class='ocrx_word' id='word_1_118' title='bbox 727 1340 871 1405; x_wconf 82' lang='lat' dir='ltr'><strong>argeutum</strong></span> <span class='ocrx_word' id='word_1_119' title='bbox 882 1341 910 1388; x_wconf 88' lang='lat' dir='ltr'><strong>et</strong></span> <span class='ocrx_word' id='word_1_120' title='bbox 921 1333 1040 1406; x_wconf 84' lang='lat' dir='ltr'><strong>denique</strong></span> 
     </span>
     <span class='ocr_line' id='line_1_15' title="bbox 73 1413 1039 1491; baseline 0.005 -23"><span class='ocrx_word' id='word_1_121' title='bbox 73 1414 139 1470; x_wconf 78' lang='lat' dir='ltr'><strong>aliae</strong></span> <span class='ocrx_word' id='word_1_122' title='bbox 161 1433 207 1472; x_wconf 89' lang='lat' dir='ltr'><strong>res</strong></span> <span class='ocrx_word' id='word_1_123' title='bbox 229 1415 452 1472; x_wconf 80' lang='lat' dir='ltr'><strong>innumerabiles.</strong></span> <span class='ocrx_word' id='word_1_124' title='bbox 494 1413 535 1472; x_wconf 87' lang='lat'><strong>14.</strong></span> <span class='ocrx_word' id='word_1_125' title='bbox 557 1415 747 1488; x_wconf 82' lang='lat' dir='ltr'><strong>Incorporales</strong></span> <span class='ocrx_word' id='word_1_126' title='bbox 767 1423 850 1489; x_wconf 86' lang='lat' dir='ltr'><strong>suat,</strong></span> <span class='ocrx_word' id='word_1_127' title='bbox 876 1433 950 1490; x_wconf 86' lang='lat' dir='ltr'><strong>quae</strong></span> <span class='ocrx_word' id='word_1_128' title='bbox 965 1419 1039 1491; x_wconf 84' lang='lat' dir='ltr'><strong>tangi</strong></span> 
     </span>
     <span class='ocr_line' id='line_1_16' title="bbox 73 1493 1073 1574; baseline 0.004 -20"><span class='ocrx_word' id='word_1_129' title='bbox 73 1515 127 1554; x_wconf 87' lang='lat' dir='ltr'><strong>nou</strong></span> <span class='ocrx_word' id='word_1_130' title='bbox 142 1509 281 1572; x_wconf 79' lang='lat' dir='ltr'><strong>possunt,</strong></span> <span class='ocrx_word' id='word_1_131' title='bbox 298 1500 385 1573; x_wconf 86' lang='lat' dir='ltr'><strong>qualia</strong></span> <span class='ocrx_word' id='word_1_132' title='bbox 400 1506 464 1554; x_wconf 86' lang='lat' dir='ltr'><strong>sunt</strong></span> <span class='ocrx_word' id='word_1_133' title='bbox 480 1515 526 1574; x_wconf 84' lang='lat' dir='ltr'><strong>ea,</strong></span> <span class='ocrx_word' id='word_1_134' title='bbox 544 1517 612 1573; x_wconf 84' lang='lat' dir='ltr'><strong>quaa</strong></span> <span class='ocrx_word' id='word_1_135' title='bbox 629 1493 678 1574; x_wconf 78' lang='grc' dir='ltr'><strong>(ἰη)</strong></span> <span class='ocrx_word' id='word_1_136' title='bbox 700 1502 758 1556; x_wconf 89' lang='lat' dir='ltr'><strong>iure</strong></span> <span class='ocrx_word' id='word_1_137' title='bbox 779 1503 946 1572; x_wconf 83' lang='lat' dir='ltr'><strong>consistunt,</strong></span> <span class='ocrx_word' id='word_1_138' title='bbox 969 1503 1040 1558; x_wconf 87' lang='lat' dir='ltr'><strong>siout</strong></span> <span class='ocrx_word' id='word_1_139' title='bbox 1068 1557 1073 1564; x_wconf 74' lang='grc'><strong>,</strong></span> 
     </span>
     <span class='ocr_line' id='line_1_17' title="bbox 74 1582 1038 1658; baseline 0.006 -22"><span class='ocrx_word' id='word_1_140' title='bbox 74 1582 229 1656; x_wconf 73' lang='lat' dir='ltr'><strong>hereditas,</strong></span> <span class='ocrx_word' id='word_1_141' title='bbox 246 1584 436 1656; x_wconf 76' lang='lat' dir='ltr'><strong>ususfructus,</strong></span> <span class='ocrx_word' id='word_1_142' title='bbox 453 1583 633 1656; x_wconf 79' lang='lat' dir='ltr'><strong>obligationes</strong></span> <span class='ocrx_word' id='word_1_143' title='bbox 650 1601 761 1658; x_wconf 91' lang='lat' dir='ltr'><strong>quoquo</strong></span> <span class='ocrx_word' id='word_1_144' title='bbox 777 1585 858 1641; x_wconf 86' lang='lat' dir='ltr'><strong>modo</strong></span> <span class='ocrx_word' id='word_1_145' title='bbox 874 1594 1038 1642; x_wconf 84' lang='lat' dir='ltr'><strong>contractas.</strong></span> 
     </span>
     <span class='ocr_line' id='line_1_18' title="bbox 74 1668 1040 1742; baseline 0.006 -22"><span class='ocrx_word' id='word_1_146' title='bbox 74 1683 122 1723; x_wconf 84' lang='lat' dir='ltr'><strong>uec</strong></span> <span class='ocrx_word' id='word_1_147' title='bbox 136 1668 170 1722; x_wconf 86' lang='lat' dir='ltr'><strong>od</strong></span> <span class='ocrx_word' id='word_1_148' title='bbox 186 1685 246 1724; x_wconf 85' lang='lat' dir='ltr'><strong>reru</strong></span> <span class='ocrx_word' id='word_1_149' title='bbox 262 1668 406 1742; x_wconf 82' lang='lat' dir='ltr'><strong>per(tiaet,</strong></span> <span class='ocrx_word' id='word_1_150' title='bbox 418 1671 495 1740; x_wconf 79' lang='lat' dir='ltr'><strong>quod</strong></span> <span class='ocrx_word' id='word_1_151' title='bbox 508 1673 537 1725; x_wconf 86' lang='lat' dir='ltr'><strong>in</strong></span> <span class='ocrx_word' id='word_1_152' title='bbox 548 1671 708 1725; x_wconf 78' lang='lat' dir='ltr'><strong>hereditate</strong></span> <span class='ocrx_word' id='word_1_153' title='bbox 720 1685 769 1725; x_wconf 90' lang='lat' dir='ltr'><strong>res</strong></span> <span class='ocrx_word' id='word_1_154' title='bbox 780 1674 950 1741; x_wconf 79' lang='lat' dir='ltr'><strong>corporales</strong></span> <span class='ocrx_word' id='word_1_155' title='bbox 962 1670 1040 1742; x_wconf 85' lang='lat' dir='ltr'><strong>eon)-</strong></span> 
     </span>
    </p>
   </div>
   <div class='ocr_carea' id='block_1_5' title="bbox 75 1867 1042 3280">
    <p class='ocr_par' dir='ltr' id='par_1_6' title="bbox 75 1867 1042 3280">
     <span class='ocr_line' id='line_1_19' title="bbox 148 1867 1038 1938; baseline 0.002 -18"><span class='ocrx_word' id='word_1_156' title='bbox 148 1867 168 1938; x_wconf 90' lang='grc'><strong>1)</strong></span> <span class='ocrx_word' id='word_1_157' title='bbox 185 1872 291 1921; x_wconf 78' lang='lat' dir='ltr'><em>Abhinc</em></span> <span class='ocrx_word' id='word_1_158' title='bbox 306 1875 344 1935; x_wconf 58' lang='grc' dir='ltr'><strong>ἐξ.</strong></span> <span class='ocrx_word' id='word_1_159' title='bbox 360 1885 443 1924; x_wconf 83' lang='grc'><strong>9-14.</strong></span> <span class='ocrx_word' id='word_1_160' title='bbox 459 1875 594 1922; x_wconf 83' lang='lat' dir='ltr'><strong>restitutae</strong></span> <span class='ocrx_word' id='word_1_161' title='bbox 608 1879 668 1920; x_wconf 86' lang='lat' dir='ltr'><strong>suat</strong></span> <span class='ocrx_word' id='word_1_162' title='bbox 682 1887 716 1920; x_wconf 82' lang='lat' dir='ltr'><strong>eoa</strong></span> <span class='ocrx_word' id='word_1_163' title='bbox 730 1873 762 1920; x_wconf 87' lang='lat' dir='ltr'><strong>L.</strong></span> <span class='ocrx_word' id='word_1_164' title='bbox 778 1884 799 1922; x_wconf 90' lang='lat'><strong>1.</strong></span> <span class='ocrx_word' id='word_1_165' title='bbox 814 1872 847 1922; x_wconf 85' lang='lat' dir='ltr'><strong>D.</strong></span> <span class='ocrx_word' id='word_1_166' title='bbox 862 1873 893 1921; x_wconf 85' lang='lat' dir='ltr'><strong>de</strong></span> <span class='ocrx_word' id='word_1_167' title='bbox 912 1888 966 1920; x_wconf 89' lang='lat' dir='ltr'><strong>rer.</strong></span> <span class='ocrx_word' id='word_1_168' title='bbox 986 1874 1038 1922; x_wconf 85' lang='lat' dir='ltr'><strong>diu.</strong></span> 
     </span>
     <span class='ocr_line' id='line_1_20' title="bbox 78 1939 1039 2009; baseline 0.001 -18"><span class='ocrx_word' id='word_1_169' title='bbox 78 1939 108 2004; x_wconf 86' lang='lat'><strong>(1,</strong></span> <span class='ocrx_word' id='word_1_170' title='bbox 122 1941 144 2008; x_wconf 87' lang='lat'><strong>8)</strong></span> <span class='ocrx_word' id='word_1_171' title='bbox 161 1949 185 1992; x_wconf 89' lang='lat' dir='ltr'><strong>et</strong></span> <span class='ocrx_word' id='word_1_172' title='bbox 201 1945 242 1992; x_wconf 84' lang='lat' dir='ltr'><strong>tit.</strong></span> <span class='ocrx_word' id='word_1_173' title='bbox 258 1943 281 1992; x_wconf 88' lang='lat' dir='ltr'><strong>J.</strong></span> <span class='ocrx_word' id='word_1_174' title='bbox 296 1943 328 1992; x_wconf 86' lang='lat' dir='ltr'><strong>de</strong></span> <span class='ocrx_word' id='word_1_175' title='bbox 342 1943 395 1992; x_wconf 76' lang='lat' dir='ltr'><strong>reb.</strong></span> <span class='ocrx_word' id='word_1_176' title='bbox 412 1960 483 2008; x_wconf 86' lang='lat' dir='ltr'><strong>carp.</strong></span> <span class='ocrx_word' id='word_1_177' title='bbox 504 1942 540 2009; x_wconf 79' lang='lat'><strong>(2,</strong></span> <span class='ocrx_word' id='word_1_178' title='bbox 556 1942 586 2008; x_wconf 78' lang='lat'><strong>2).</strong></span> <span class='ocrx_word' id='word_1_179' title='bbox 616 1942 735 2006; x_wconf 79' lang='lat' dir='ltr'><strong>Apparet</strong></span> <span class='ocrx_word' id='word_1_180' title='bbox 754 1959 815 1992; x_wconf 92' lang='lat' dir='ltr'><strong>oero</strong></span> <span class='ocrx_word' id='word_1_181' title='bbox 835 1943 911 2007; x_wconf 83' lang='lat' dir='ltr'><strong>idque</strong></span> <span class='ocrx_word' id='word_1_182' title='bbox 930 1959 965 1992; x_wconf 76' lang='lat' dir='ltr'><strong>ex</strong></span> <span class='ocrx_word' id='word_1_183' title='bbox 984 1943 1010 1992; x_wconf 93' lang='lat' dir='ltr'><em>V</em></span> <span class='ocrx_word' id='word_1_184' title='bbox 1011 1939 1039 1992; x_wconf 53' lang='grc' dir='ltr'><strong>Εἴ.</strong></span> 
     </span>
     <span class='ocr_line' id='line_1_21' title="bbox 78 2013 1038 2078; baseline 0.006 -20"><span class='ocrx_word' id='word_1_185' title='bbox 78 2015 193 2074; x_wconf 81' lang='lat' dir='ltr'><strong>apertius</strong></span> <span class='ocrx_word' id='word_1_186' title='bbox 205 2016 308 2078; x_wconf 74' lang='lat' dir='ltr'><strong>sermm</strong></span> <span class='ocrx_word' id='word_1_187' title='bbox 323 2023 373 2077; x_wconf 90' lang='lat' dir='ltr'><strong>est,</strong></span> <span class='ocrx_word' id='word_1_188' title='bbox 393 2031 424 2064; x_wconf 86' lang='lat' dir='ltr'><strong>ea</strong></span> <span class='ocrx_word' id='word_1_189' title='bbox 443 2031 508 2078; x_wconf 84' lang='lat' dir='ltr'><strong>quae</strong></span> <span class='ocrx_word' id='word_1_190' title='bbox 523 2015 598 2064; x_wconf 89' lang='lat' dir='ltr'><strong>iaitio</strong></span> <span class='ocrx_word' id='word_1_191' title='bbox 613 2030 641 2077; x_wconf 90' lang='lat' dir='ltr'><strong>p.</strong></span> <span class='ocrx_word' id='word_1_192' title='bbox 657 2025 691 2065; x_wconf 82' lang='grc'><strong>56.</strong></span> <span class='ocrx_word' id='word_1_193' title='bbox 711 2015 833 2064; x_wconf 87' lang='lat' dir='ltr'><strong>restituta</strong></span> <span class='ocrx_word' id='word_1_194' title='bbox 851 2021 912 2063; x_wconf 87' lang='lat' dir='ltr'><strong>suat</strong></span> <span class='ocrx_word' id='word_1_195' title='bbox 926 2030 960 2062; x_wconf 82' lang='lat' dir='ltr'><strong>ea</strong></span> <span class='ocrx_word' id='word_1_196' title='bbox 974 2013 1038 2064; x_wconf 86' lang='lat' dir='ltr'><strong>Inst.</strong></span> 
     </span>
     <span class='ocr_line' id='line_1_22' title="bbox 77 2084 1040 2150; baseline 0.005 -21"><span class='ocrx_word' id='word_1_197' title='bbox 77 2090 100 2130; x_wconf 87' lang='lat' dir='ltr'><strong>et</strong></span> <span class='ocrx_word' id='word_1_198' title='bbox 113 2084 183 2148; x_wconf 72' lang='lat' dir='ltr'><strong>Dip,</strong></span> <span class='ocrx_word' id='word_1_199' title='bbox 199 2101 253 2135; x_wconf 86' lang='lat' dir='ltr'><strong>aaa</strong></span> <span class='ocrx_word' id='word_1_200' title='bbox 268 2085 390 2149; x_wconf 81' lang='lat' dir='ltr'><strong>sufficere</strong></span> <span class='ocrx_word' id='word_1_201' title='bbox 405 2087 440 2134; x_wconf 85' lang='lat' dir='ltr'><strong>ud</strong></span> <span class='ocrx_word' id='word_1_202' title='bbox 454 2086 596 2150; x_wconf 76' lang='lat' dir='ltr'><strong>capiendas</strong></span> <span class='ocrx_word' id='word_1_203' title='bbox 611 2085 728 2134; x_wconf 74' lang='lat' dir='ltr'><strong>tredecim</strong></span> <span class='ocrx_word' id='word_1_204' title='bbox 739 2087 846 2148; x_wconf 82' lang='lat' dir='ltr'><strong>priores</strong></span> <span class='ocrx_word' id='word_1_205' title='bbox 860 2101 950 2134; x_wconf 87' lang='lat' dir='ltr'><strong>uersus</strong></span> <span class='ocrx_word' id='word_1_206' title='bbox 963 2085 1040 2135; x_wconf 72' lang='lat' dir='ltr'><strong>artius</strong></span> 
     </span>
     <span class='ocr_line' id='line_1_23' title="bbox 75 2153 1039 2224; baseline 0.006 -24"><span class='ocrx_word' id='word_1_207' title='bbox 75 2169 133 2218; x_wconf 79' lang='lat' dir='ltr'><strong>pap.</strong></span> <span class='ocrx_word' id='word_1_208' title='bbox 149 2153 221 2220; x_wconf 82' lang='lat' dir='ltr'><strong>(aaut</strong></span> <span class='ocrx_word' id='word_1_209' title='bbox 236 2173 253 2205; x_wconf 89' lang='lat' dir='ltr'><strong>a</strong></span> <span class='ocrx_word' id='word_1_210' title='bbox 269 2173 290 2204; x_wconf 90' lang='grc' dir='ltr'><strong>υ.</strong></span> <span class='ocrx_word' id='word_1_211' title='bbox 307 2169 346 2215; x_wconf 74' lang='lat'><strong>12,</strong></span> <span class='ocrx_word' id='word_1_212' title='bbox 363 2159 437 2206; x_wconf 86' lang='lat' dir='ltr'><strong>euius</strong></span> <span class='ocrx_word' id='word_1_213' title='bbox 451 2159 552 2206; x_wconf 81' lang='lat' dir='ltr'><strong>initium</strong></span> <span class='ocrx_word' id='word_1_214' title='bbox 566 2164 604 2205; x_wconf 87' lang='lat' dir='ltr'><strong>est</strong></span> <span class='ocrx_word' id='word_1_215' title='bbox 614 2171 647 2224; x_wconf 57' lang='grc' dir='ltr'><strong>(ε</strong></span> <span class='ocrx_word' id='word_1_216' title='bbox 662 2157 771 2215; x_wconf 86' lang='lat' dir='ltr'><strong>domino,</strong></span> <span class='ocrx_word' id='word_1_217' title='bbox 792 2157 920 2219; x_wconf 66' lang='lat' dir='ltr'><strong>ineptiunt</strong></span> <span class='ocrx_word' id='word_1_218' title='bbox 937 2159 1039 2220; x_wconf 86' lang='lat' dir='ltr'><strong>supple-</strong></span> 
     </span>
     <span class='ocr_line' id='line_1_24' title="bbox 79 2225 1040 2296; baseline 0.006 -26"><span class='ocrx_word' id='word_1_219' title='bbox 79 2233 158 2274; x_wconf 82' lang='lat' dir='ltr'><strong>menta</strong></span> <span class='ocrx_word' id='word_1_220' title='bbox 172 2225 418 2293; x_wconf 77' lang='lat' dir='ltr'><strong>Studearuudiaaa).</strong></span> <span class='ocrx_word' id='word_1_221' title='bbox 446 2228 537 2292; x_wconf 83' lang='lat' dir='ltr'><strong>Itaque</strong></span> <span class='ocrx_word' id='word_1_222' title='bbox 556 2227 698 2276; x_wconf 79' lang='lat' dir='ltr'><strong>Iustiniani</strong></span> <span class='ocrx_word' id='word_1_223' title='bbox 712 2228 856 2290; x_wconf 82' lang='lat' dir='ltr'><strong>prudentes</strong></span> <span class='ocrx_word' id='word_1_224' title='bbox 874 2243 965 2296; x_wconf 82' lang='lat' dir='ltr'><strong>uersus</strong></span> <span class='ocrx_word' id='word_1_225' title='bbox 981 2229 1040 2291; x_wconf 64' lang='lat' dir='ltr'><strong>tere</strong></span> 
     </span>
     <span class='ocr_line' id='line_1_25' title="bbox 79 2297 1040 2366; baseline 0.005 -25"><span class='ocrx_word' id='word_1_226' title='bbox 79 2302 133 2344; x_wconf 86' lang='lat' dir='ltr'><strong>arta</strong></span> <span class='ocrx_word' id='word_1_227' title='bbox 152 2299 319 2356; x_wconf 81' lang='lat' dir='ltr'><strong>reciderunt,</strong></span> <span class='ocrx_word' id='word_1_228' title='bbox 339 2300 427 2363; x_wconf 84' lang='lat' dir='ltr'><strong>idque,</strong></span> <span class='ocrx_word' id='word_1_229' title='bbox 447 2306 476 2347; x_wconf 89' lang='lat' dir='ltr'><strong>ut</strong></span> <span class='ocrx_word' id='word_1_230' title='bbox 494 2298 571 2350; x_wconf 87' lang='lat' dir='ltr'><strong>uerba</strong></span> <span class='ocrx_word' id='word_1_231' title='bbox 587 2301 633 2347; x_wconf 88' lang='lat' dir='ltr'><strong>itta</strong></span> <span class='ocrx_word' id='word_1_232' title='bbox 650 2313 678 2366; x_wconf 83' lang='lat' dir='ltr'><strong>ue</strong></span> <span class='ocrx_word' id='word_1_233' title='bbox 698 2297 792 2346; x_wconf 86' lang='lat' dir='ltr'><strong>domiuo</strong></span> <span class='ocrx_word' id='word_1_234' title='bbox 812 2305 961 2364; x_wconf 75' lang='lat' dir='ltr'><strong>arpumeato</strong></span> <span class='ocrx_word' id='word_1_235' title='bbox 981 2305 1040 2347; x_wconf 87' lang='lat' dir='ltr'><strong>suat</strong></span> 
     </span>
     <span class='ocr_line' id='line_1_26' title="bbox 80 2368 1040 2432; baseline 0.005 -19"><span class='ocrx_word' id='word_1_236' title='bbox 80 2380 120 2423; x_wconf 88' lang='lat' dir='ltr'><strong>ea,</strong></span> <span class='ocrx_word' id='word_1_237' title='bbox 135 2384 208 2430; x_wconf 83' lang='lat' dir='ltr'><strong>quera</strong></span> <span class='ocrx_word' id='word_1_238' title='bbox 223 2370 340 2418; x_wconf 84' lang='lat' dir='ltr'><strong>indicaui</strong></span> <span class='ocrx_word' id='word_1_239' title='bbox 355 2371 419 2420; x_wconf 82' lang='lat' dir='ltr'><strong>loeo.</strong></span> <span class='ocrx_word' id='word_1_240' title='bbox 452 2369 525 2429; x_wconf 85' lang='lat' dir='ltr'><strong>Quod</strong></span> <span class='ocrx_word' id='word_1_241' title='bbox 539 2371 707 2432; x_wconf 79' lang='lat' dir='ltr'><strong>confirmatur</strong></span> <span class='ocrx_word' id='word_1_242' title='bbox 721 2368 792 2431; x_wconf 88' lang='lat' dir='ltr'><strong>Epit.</strong></span> <span class='ocrx_word' id='word_1_243' title='bbox 808 2379 828 2426; x_wconf 77' lang='lat' dir='ltr'><strong>u,</strong></span> <span class='ocrx_word' id='word_1_244' title='bbox 845 2371 864 2418; x_wconf 86' lang='lat' dir='ltr'><strong>s.</strong></span> <span class='ocrx_word' id='word_1_245' title='bbox 881 2381 900 2418; x_wconf 89' lang='lat'><strong>1.</strong></span> <span class='ocrx_word' id='word_1_246' title='bbox 920 2369 1040 2432; x_wconf 74' lang='lat' dir='ltr'><strong>hisquae</strong></span> 
     </span>
     <span class='ocr_line' id='line_1_27' title="bbox 80 2435 1040 2502; baseline 0.006 -20"><span class='ocrx_word' id='word_1_247' title='bbox 80 2435 190 2488; x_wconf 67' lang='lat' dir='ltr'><strong>distineri</strong></span> <span class='ocrx_word' id='word_1_248' title='bbox 205 2439 306 2489; x_wconf 86' lang='lat' dir='ltr'><strong>uerbis:</strong></span> <span class='ocrx_word' id='word_1_249' title='bbox 326 2436 390 2489; x_wconf 77' lang='lat' dir='ltr'><strong>‘Sed</strong></span> <span class='ocrx_word' id='word_1_250' title='bbox 405 2449 430 2490; x_wconf 95' lang='lat' dir='ltr'><strong>et</strong></span> <span class='ocrx_word' id='word_1_251' title='bbox 444 2457 487 2489; x_wconf 91' lang='lat' dir='ltr'><strong>res</strong></span> <span class='ocrx_word' id='word_1_252' title='bbox 501 2441 689 2494; x_wconf 79' lang='lat' dir='ltr'><strong>hereditariae,</strong></span> <span class='ocrx_word' id='word_1_253' title='bbox 706 2447 842 2502; x_wconf 85' lang='lat' dir='ltr'><strong>autequam</strong></span> <span class='ocrx_word' id='word_1_254' title='bbox 856 2441 951 2502; x_wconf 85' lang='lat' dir='ltr'><strong>aliquis</strong></span> <span class='ocrx_word' id='word_1_255' title='bbox 966 2439 1040 2488; x_wconf 80' lang='lat' dir='ltr'><strong>iteres</strong></span> 
     </span>
     <span class='ocr_line' id='line_1_28' title="bbox 81 2509 1040 2577; baseline 0.006 -24"><span class='ocrx_word' id='word_1_256' title='bbox 81 2509 185 2568; x_wconf 67' lang='lat' dir='ltr'><strong>resistat,</strong></span> <span class='ocrx_word' id='word_1_257' title='bbox 206 2511 240 2560; x_wconf 86' lang='lat' dir='ltr'><strong>id</strong></span> <span class='ocrx_word' id='word_1_258' title='bbox 254 2519 301 2560; x_wconf 88' lang='lat' dir='ltr'><strong>est</strong></span> <span class='ocrx_word' id='word_1_259' title='bbox 317 2509 399 2577; x_wconf 75' lang='lat' dir='ltr'><strong>(auti)</strong></span> <span class='ocrx_word' id='word_1_260' title='bbox 420 2513 541 2576; x_wconf 83' lang='lat' dir='ltr'><strong>quaudo</strong></span> <span class='ocrx_word' id='word_1_261' title='bbox 561 2511 742 2568; x_wconf 83' lang='lat' dir='ltr'><strong>dubitatur,</strong></span> <span class='ocrx_word' id='word_1_262' title='bbox 765 2516 870 2558; x_wconf 86' lang='lat' dir='ltr'><strong>utrum</strong></span> <span class='ocrx_word' id='word_1_263' title='bbox 892 2512 1040 2572; x_wconf 86' lang='lat' dir='ltr'><strong>seriptus</strong></span> 
     </span>
     <span class='ocr_line' id='line_1_29' title="bbox 82 2579 1040 2645; baseline 0.004 -20"><span class='ocrx_word' id='word_1_264' title='bbox 82 2592 117 2625; x_wconf 84' lang='lat' dir='ltr'><strong>aa</strong></span> <span class='ocrx_word' id='word_1_265' title='bbox 134 2581 298 2645; x_wconf 78' lang='lat' dir='ltr'><strong>tepitimus</strong></span> <span class='ocrx_word' id='word_1_266' title='bbox 313 2582 406 2632; x_wconf 79' lang='lat' dir='ltr'><strong>iteres</strong></span> <span class='ocrx_word' id='word_1_267' title='bbox 420 2583 593 2632; x_wconf 78' lang='lat' dir='ltr'><strong>succedere</strong></span> <span class='ocrx_word' id='word_1_268' title='bbox 609 2580 732 2642; x_wconf 79' lang='lat' dir='ltr'><strong>debeat,</strong></span> <span class='ocrx_word' id='word_1_269' title='bbox 749 2582 774 2628; x_wconf 87' lang='lat' dir='ltr'><strong>ia</strong></span> <span class='ocrx_word' id='word_1_270' title='bbox 790 2581 886 2628; x_wconf 77' lang='lat' dir='ltr'><strong>attilius</strong></span> <span class='ocrx_word' id='word_1_271' title='bbox 898 2579 971 2630; x_wconf 82' lang='lat' dir='ltr'><strong>honis</strong></span> <span class='ocrx_word' id='word_1_272' title='bbox 985 2596 1040 2629; x_wconf 87' lang='lat' dir='ltr'><strong>esse</strong></span> 
     </span>
     <span class='ocr_line' id='line_1_30' title="bbox 82 2649 1041 2718; baseline 0.006 -25"><span class='ocrx_word' id='word_1_273' title='bbox 82 2649 219 2700; x_wconf 83' lang='lat' dir='ltr'><strong>uideatur’.</strong></span> <span class='ocrx_word' id='word_1_274' title='bbox 244 2653 286 2702; x_wconf 89' lang='lat' dir='ltr'><strong>Ea</strong></span> <span class='ocrx_word' id='word_1_275' title='bbox 296 2655 363 2702; x_wconf 81' lang='lat' dir='ltr'><strong>euim</strong></span> <span class='ocrx_word' id='word_1_276' title='bbox 378 2655 491 2718; x_wconf 84' lang='lat' dir='ltr'><strong>quamvis</strong></span> <span class='ocrx_word' id='word_1_277' title='bbox 502 2655 585 2716; x_wconf 83' lang='lat' dir='ltr'><strong>inepte</strong></span> <span class='ocrx_word' id='word_1_278' title='bbox 595 2651 712 2700; x_wconf 79' lang='lat' dir='ltr'><strong>adttbua</strong></span> <span class='ocrx_word' id='word_1_279' title='bbox 722 2652 827 2700; x_wconf 80' lang='lat' dir='ltr'><strong>nonnisi</strong></span> <span class='ocrx_word' id='word_1_280' title='bbox 836 2666 870 2698; x_wconf 80' lang='lat' dir='ltr'><strong>eae</strong></span> <span class='ocrx_word' id='word_1_281' title='bbox 883 2649 947 2700; x_wconf 82' lang='lat' dir='ltr'><strong>Gaio</strong></span> <span class='ocrx_word' id='word_1_282' title='bbox 957 2658 1041 2699; x_wconf 86' lang='lat' dir='ltr'><strong>sumtu</strong></span> 
     </span>
     <span class='ocr_line' id='line_1_31' title="bbox 83 2723 1041 2788; baseline 0.006 -24"><span class='ocrx_word' id='word_1_283' title='bbox 83 2734 133 2768; x_wconf 85' lang='lat' dir='ltr'><strong>esse</strong></span> <span class='ocrx_word' id='word_1_284' title='bbox 143 2731 263 2784; x_wconf 85' lang='lat' dir='ltr'><strong>possunt.</strong></span> <span class='ocrx_word' id='word_1_285' title='bbox 287 2724 379 2788; x_wconf 89' lang='lat' dir='ltr'><strong>Itaque</strong></span> <span class='ocrx_word' id='word_1_286' title='bbox 392 2726 521 2787; x_wconf 83' lang='lat' dir='ltr'><strong>suspicor,</strong></span> <span class='ocrx_word' id='word_1_287' title='bbox 535 2724 603 2772; x_wconf 76' lang='lat' dir='ltr'><strong>tuae</strong></span> <span class='ocrx_word' id='word_1_288' title='bbox 614 2723 673 2785; x_wconf 78' lang='lat' dir='ltr'><strong>fere</strong></span> <span class='ocrx_word' id='word_1_289' title='bbox 687 2723 743 2770; x_wconf 91' lang='lat' dir='ltr'><strong>eius</strong></span> <span class='ocrx_word' id='word_1_290' title='bbox 756 2723 907 2770; x_wconf 80' lang='lat' dir='ltr'><strong>seutentiam</strong></span> <span class='ocrx_word' id='word_1_291' title='bbox 916 2723 1041 2784; x_wconf 85' lang='lat' dir='ltr'><strong>periisse:</strong></span> 
     </span>
     <span class='ocr_line' id='line_1_32' title="bbox 85 2783 1040 2858; baseline 0.006 -22"><span class='ocrx_word' id='word_1_292' title='bbox 85 2783 145 2839; x_wconf 83' lang='lat' dir='ltr'><strong>‘Sed</strong></span> <span class='ocrx_word' id='word_1_293' title='bbox 158 2795 236 2843; x_wconf 86' lang='lat' dir='ltr'><strong>etiam</strong></span> <span class='ocrx_word' id='word_1_294' title='bbox 251 2802 369 2846; x_wconf 80' lang='lat' dir='ltr'><strong>eastuate</strong></span> <span class='ocrx_word' id='word_1_295' title='bbox 382 2811 430 2845; x_wconf 87' lang='lat' dir='ltr'><strong>sao</strong></span> <span class='ocrx_word' id='word_1_296' title='bbox 444 2803 469 2844; x_wconf 93' lang='lat' dir='ltr'><strong>et</strong></span> <span class='ocrx_word' id='word_1_297' title='bbox 482 2795 629 2844; x_wconf 80' lang='lat' dir='ltr'><strong>necessaria</strong></span> <span class='ocrx_word' id='word_1_298' title='bbox 640 2793 740 2851; x_wconf 74' lang='lat' dir='ltr'><strong>herede,</strong></span> <span class='ocrx_word' id='word_1_299' title='bbox 756 2795 826 2842; x_wconf 87' lang='lat' dir='ltr'><strong>uetat</strong></span> <span class='ocrx_word' id='word_1_300' title='bbox 837 2793 902 2855; x_wconf 85' lang='lat' dir='ltr'><strong>filio,</strong></span> <span class='ocrx_word' id='word_1_301' title='bbox 918 2793 962 2858; x_wconf 84' lang='lat' dir='ltr'><strong>qui</strong></span> <span class='ocrx_word' id='word_1_302' title='bbox 975 2795 1040 2842; x_wconf 84' lang='lat' dir='ltr'><strong>atio-</strong></span> 
     </span>
     <span class='ocr_line' id='line_1_33' title="bbox 84 2862 1041 2929; baseline 0.007 -23"><span class='ocrx_word' id='word_1_303' title='bbox 84 2862 141 2920; x_wconf 85' lang='lat' dir='ltr'><strong>quia</strong></span> <span class='ocrx_word' id='word_1_304' title='bbox 160 2867 247 2914; x_wconf 86' lang='lat' dir='ltr'><strong>statim</strong></span> <span class='ocrx_word' id='word_1_305' title='bbox 266 2883 322 2916; x_wconf 86' lang='lat' dir='ltr'><strong>eum</strong></span> <span class='ocrx_word' id='word_1_306' title='bbox 342 2869 451 2916; x_wconf 80' lang='lat' dir='ltr'><strong>aearitur</strong></span> <span class='ocrx_word' id='word_1_307' title='bbox 468 2873 558 2929; x_wconf 88' lang='lat' dir='ltr'><strong>puter,</strong></span> <span class='ocrx_word' id='word_1_308' title='bbox 574 2865 649 2914; x_wconf 74' lang='lat' dir='ltr'><strong>lieres</strong></span> <span class='ocrx_word' id='word_1_309' title='bbox 663 2881 695 2914; x_wconf 86' lang='lat' dir='ltr'><strong>aa</strong></span> <span class='ocrx_word' id='word_1_310' title='bbox 714 2865 832 2913; x_wconf 82' lang='lat' dir='ltr'><strong>domiuus</strong></span> <span class='ocrx_word' id='word_1_311' title='bbox 846 2871 896 2922; x_wconf 91' lang='lat' dir='ltr'><strong>est,</strong></span> <span class='ocrx_word' id='word_1_312' title='bbox 915 2866 940 2913; x_wconf 89' lang='lat' dir='ltr'><strong>si</strong></span> <span class='ocrx_word' id='word_1_313' title='bbox 958 2871 1041 2913; x_wconf 84' lang='lat' dir='ltr'><strong>tumea</strong></span> 
     </span>
     <span class='ocr_line' id='line_1_34' title="bbox 86 2931 1042 3000; baseline 0.006 -22"><span class='ocrx_word' id='word_1_314' title='bbox 86 2931 206 2984; x_wconf 82' lang='lat' dir='ltr'><strong>incertum</strong></span> <span class='ocrx_word' id='word_1_315' title='bbox 220 2938 268 2995; x_wconf 89' lang='lat' dir='ltr'><strong>sit,</strong></span> <span class='ocrx_word' id='word_1_316' title='bbox 287 2944 372 2986; x_wconf 88' lang='lat' dir='ltr'><strong>utrum</strong></span> <span class='ocrx_word' id='word_1_317' title='bbox 390 2954 424 2986; x_wconf 72' lang='lat' dir='ltr'><strong>ece</strong></span> <span class='ocrx_word' id='word_1_318' title='bbox 441 2943 588 2986; x_wconf 83' lang='lat' dir='ltr'><strong>testamento</strong></span> <span class='ocrx_word' id='word_1_319' title='bbox 602 2937 717 3000; x_wconf 83' lang='lat' dir='ltr'><strong>scriptus</strong></span> <span class='ocrx_word' id='word_1_320' title='bbox 731 2951 765 2984; x_wconf 84' lang='lat' dir='ltr'><strong>aa</strong></span> <span class='ocrx_word' id='word_1_321' title='bbox 780 2937 899 2984; x_wconf 80' lang='lat' dir='ltr'><strong>intestato</strong></span> <span class='ocrx_word' id='word_1_322' title='bbox 914 2937 1042 3000; x_wconf 78' lang='lat' dir='ltr'><strong>lepitiarus</strong></span> 
     </span>
     <span class='ocr_line' id='line_1_35' title="bbox 86 2997 1041 3072; baseline 0.008 -26"><span class='ocrx_word' id='word_1_323' title='bbox 86 2997 155 3052; x_wconf 80' lang='lat' dir='ltr'><strong>ireres</strong></span> <span class='ocrx_word' id='word_1_324' title='bbox 173 3008 216 3064; x_wconf 91' lang='lat' dir='ltr'><strong>sit,</strong></span> <span class='ocrx_word' id='word_1_325' title='bbox 237 3009 306 3056; x_wconf 87' lang='lat' dir='ltr'><strong>uelut</strong></span> <span class='ocrx_word' id='word_1_326' title='bbox 324 3009 393 3072; x_wconf 81' lang='lat' dir='ltr'><strong>quaet</strong></span> <span class='ocrx_word' id='word_1_327' title='bbox 406 3016 540 3072; x_wconf 87' lang='lat' dir='ltr'><strong>postumus</strong></span> <span class='ocrx_word' id='word_1_328' title='bbox 554 3023 616 3056; x_wconf 86' lang='lat' dir='ltr'><strong>suus</strong></span> <span class='ocrx_word' id='word_1_329' title='bbox 634 3007 709 3056; x_wconf 77' lang='lat' dir='ltr'><strong>ireres</strong></span> <span class='ocrx_word' id='word_1_330' title='bbox 723 3013 870 3056; x_wconf 83' lang='lat' dir='ltr'><strong>testamento</strong></span> <span class='ocrx_word' id='word_1_331' title='bbox 881 3008 1041 3069; x_wconf 85' lang='lat' dir='ltr'><strong>praeteritus</strong></span> 
     </span>
     <span class='ocr_line' id='line_1_36' title="bbox 86 3077 1041 3142; baseline 0.005 -22"><span class='ocrx_word' id='word_1_332' title='bbox 86 3084 257 3136; x_wconf 71' lang='lat' dir='ltr'><strong>exspectatur,</strong></span> <span class='ocrx_word' id='word_1_333' title='bbox 277 3095 326 3142; x_wconf 84' lang='lat' dir='ltr'><strong>quo</strong></span> <span class='ocrx_word' id='word_1_334' title='bbox 341 3087 401 3128; x_wconf 88' lang='lat' dir='ltr'><strong>auto</strong></span> <span class='ocrx_word' id='word_1_335' title='bbox 415 3081 516 3128; x_wconf 82' lang='lat' dir='ltr'><strong>scilieet</strong></span> <span class='ocrx_word' id='word_1_336' title='bbox 533 3085 707 3128; x_wconf 78' lang='lat' dir='ltr'><strong>testamentum</strong></span> <span class='ocrx_word' id='word_1_337' title='bbox 725 3079 866 3142; x_wconf 88' lang='lat' dir='ltr'><strong>rumpitur,</strong></span> <span class='ocrx_word' id='word_1_338' title='bbox 882 3092 925 3125; x_wconf 90' lang='lat' dir='ltr'><strong>res</strong></span> <span class='ocrx_word' id='word_1_339' title='bbox 939 3077 1041 3125; x_wconf 78' lang='lat' dir='ltr'><strong>iret-edi-</strong></span> 
     </span>
     <span class='ocr_line' id='line_1_37' title="bbox 88 3145 1040 3273; baseline 0.006 -86"><span class='ocrx_word' id='word_1_340' title='bbox 88 3145 167 3273; x_wconf 59' lang='lat' dir='ltr'><strong>pariue</strong></span> <span class='ocrx_word' id='word_1_341' title='bbox 181 3149 281 3200; x_wconf 83' lang='lat' dir='ltr'><strong>interea</strong></span> <span class='ocrx_word' id='word_1_342' title='bbox 294 3156 354 3198; x_wconf 86' lang='lat' dir='ltr'><strong>suat</strong></span> <span class='ocrx_word' id='word_1_343' title='bbox 368 3153 422 3198; x_wconf 87' lang='lat' dir='ltr'><strong>siue</strong></span> <span class='ocrx_word' id='word_1_344' title='bbox 438 3146 555 3198; x_wconf 88' lang='lat' dir='ltr'><strong>domiuo&#39;.</strong></span> <span class='ocrx_word' id='word_1_345' title='bbox 591 3149 629 3212; x_wconf 78' lang='lat' dir='ltr'><strong>Cf.</strong></span> <span class='ocrx_word' id='word_1_346' title='bbox 644 3149 675 3197; x_wconf 87' lang='lat' dir='ltr'><strong>L.</strong></span> <span class='ocrx_word' id='word_1_347' title='bbox 693 3161 727 3200; x_wconf 83' lang='lat'><strong>84.</strong></span> <span class='ocrx_word' id='word_1_348' title='bbox 742 3149 775 3196; x_wconf 86' lang='lat' dir='ltr'><strong>D.</strong></span> <span class='ocrx_word' id='word_1_349' title='bbox 790 3149 822 3197; x_wconf 88' lang='lat' dir='ltr'><strong>de</strong></span> <span class='ocrx_word' id='word_1_350' title='bbox 837 3149 937 3211; x_wconf 85' lang='lat' dir='ltr'><strong>acquir.</strong></span> <span class='ocrx_word' id='word_1_351' title='bbox 953 3147 1040 3194; x_wconf 75' lang='lat' dir='ltr'><strong>iered.</strong></span> 
     </span>
     <span class='ocr_line' id='line_1_38' title="bbox 98 3214 172 3280; baseline 0.054 -20"><span class='ocrx_word' id='word_1_352' title='bbox 98 3223 129 3271; x_wconf 79' lang='lat' dir='ltr'><strong>eo,</strong></span> <span class='ocrx_word' id='word_1_353' title='bbox 142 3214 172 3280; x_wconf 80' lang='lat'><strong>2).</strong></span> 
     </span>
    </p>
   </div>
   <div class='ocr_carea' id='block_1_6' title="bbox 89 3317 295 3336">
    <p class='ocr_par' dir='ltr' id='par_1_7' title="bbox 89 3317 295 3336">
     <span class='ocr_line' id='line_1_39' title="bbox 89 3317 295 3336; baseline 0 -10"><span class='ocrx_word' id='word_1_354' title='bbox 89 3317 295 3336; x_wconf 32' lang='lat' dir='ltr'><strong>x—</strong></span> 
     </span>
    </p>
   </div>
   <div class='ocr_carea' id='block_1_7' title="bbox 91 3381 1042 3598">
    <p class='ocr_par' dir='ltr' id='par_1_8' title="bbox 91 3381 1042 3598">
     <span class='ocr_line' id='line_1_40' title="bbox 155 3381 1042 3456; baseline -0.005 -19"><span class='ocrx_word' id='word_1_355' title='bbox 155 3381 463 3452; x_wconf 71' lang='lat' dir='ltr'><strong>§.9.Cf.§.t.l.eod.</strong></span> <span class='ocrx_word' id='word_1_356' title='bbox 532 3384 635 3456; x_wconf 77' lang='lat'>§§10.</span> <span class='ocrx_word' id='word_1_357' title='bbox 652 3390 692 3436; x_wconf 92' lang='lat'><strong>11.</strong></span> <span class='ocrx_word' id='word_1_358' title='bbox 714 3385 966 3449; x_wconf 78' lang='lat' dir='ltr'><strong>Cf.L.1pr.L.e.</strong></span> <span class='ocrx_word' id='word_1_359' title='bbox 983 3387 1005 3445; x_wconf 70' lang='grc'><strong>5.</strong></span> <span class='ocrx_word' id='word_1_360' title='bbox 1022 3397 1042 3434; x_wconf 89' lang='grc'><strong>1.</strong></span> 
     </span>
     <span class='ocr_line' id='line_1_41' title="bbox 91 3449 1042 3524; baseline 0.002 -22"><span class='ocrx_word' id='word_1_361' title='bbox 91 3449 120 3497; x_wconf 84' lang='lat' dir='ltr'><strong>D.</strong></span> <span class='ocrx_word' id='word_1_362' title='bbox 135 3455 271 3508; x_wconf 69' lang='lat' dir='ltr'><strong>detereret.</strong></span> <span class='ocrx_word' id='word_1_363' title='bbox 291 3458 339 3524; x_wconf 78' lang='lat' dir='ltr'><strong>(te,</strong></span> <span class='ocrx_word' id='word_1_364' title='bbox 355 3459 386 3524; x_wconf 90' lang='lat'><strong>1).</strong></span> <span class='ocrx_word' id='word_1_365' title='bbox 411 3459 443 3507; x_wconf 86' lang='lat' dir='ltr'><strong>L.</strong></span> <span class='ocrx_word' id='word_1_366' title='bbox 459 3469 493 3510; x_wconf 84' lang='lat'><strong>15.</strong></span> <span class='ocrx_word' id='word_1_367' title='bbox 507 3459 540 3506; x_wconf 90' lang='grc' dir='ltr'><strong>Ι).</strong></span> <span class='ocrx_word' id='word_1_368' title='bbox 556 3460 588 3507; x_wconf 83' lang='lat' dir='ltr'><strong>de</strong></span> <span class='ocrx_word' id='word_1_369' title='bbox 602 3458 670 3507; x_wconf 83' lang='lat' dir='ltr'><strong>verb.</strong></span> <span class='ocrx_word' id='word_1_370' title='bbox 685 3459 752 3521; x_wconf 78' lang='lat' dir='ltr'><strong>sipn.</strong></span> <span class='ocrx_word' id='word_1_371' title='bbox 769 3453 813 3521; x_wconf 68' lang='lat' dir='ltr'><strong>(so,</strong></span> <span class='ocrx_word' id='word_1_372' title='bbox 828 3455 871 3521; x_wconf 78' lang='lat' dir='ltr'><strong>lo).</strong></span> <span class='ocrx_word' id='word_1_373' title='bbox 895 3455 927 3504; x_wconf 88' lang='lat' dir='ltr'><strong>L.</strong></span> <span class='ocrx_word' id='word_1_374' title='bbox 943 3467 963 3505; x_wconf 83' lang='lat' dir='ltr'><strong>e.</strong></span> <span class='ocrx_word' id='word_1_375' title='bbox 983 3457 1005 3516; x_wconf 69' lang='grc' dir='ltr'><strong>ξ.</strong></span> <span class='ocrx_word' id='word_1_376' title='bbox 1022 3468 1042 3506; x_wconf 92' lang='lat'><strong>1.</strong></span> 
     </span>
     <span class='ocr_line' id='line_1_42' title="bbox 94 3519 1042 3598; baseline 0.004 -26"><span class='ocrx_word' id='word_1_377' title='bbox 94 3519 121 3567; x_wconf 81' lang='lat' dir='ltr'><strong>D·</strong></span> <span class='ocrx_word' id='word_1_378' title='bbox 136 3525 165 3573; x_wconf 87' lang='lat' dir='ltr'><strong>de</strong></span> <span class='ocrx_word' id='word_1_379' title='bbox 179 3544 230 3578; x_wconf 87' lang='lat' dir='ltr'><strong>rer.</strong></span> <span class='ocrx_word' id='word_1_380' title='bbox 246 3531 297 3579; x_wconf 87' lang='lat' dir='ltr'><strong>dio.</strong></span> <span class='ocrx_word' id='word_1_381' title='bbox 314 3528 345 3596; x_wconf 89' lang='lat'><strong>(1,</strong></span> <span class='ocrx_word' id='word_1_382' title='bbox 358 3530 389 3596; x_wconf 84' lang='lat'><strong>8).</strong></span> <span class='ocrx_word' id='word_1_383' title='bbox 441 3527 654 3598; x_wconf 76' lang='lat'>§§.12-14.=</span> <span class='ocrx_word' id='word_1_384' title='bbox 670 3528 716 3576; x_wconf 84' lang='lat' dir='ltr'><strong>Tit.</strong></span> <span class='ocrx_word' id='word_1_385' title='bbox 733 3528 755 3576; x_wconf 93' lang='lat' dir='ltr'><strong>I.</strong></span> <span class='ocrx_word' id='word_1_386' title='bbox 770 3528 802 3576; x_wconf 83' lang='lat' dir='ltr'><strong>de</strong></span> <span class='ocrx_word' id='word_1_387' title='bbox 817 3527 869 3575; x_wconf 85' lang='lat' dir='ltr'><strong>reb.</strong></span> <span class='ocrx_word' id='word_1_388' title='bbox 885 3542 956 3590; x_wconf 87' lang='lat' dir='ltr'><strong>corp.</strong></span> <span class='ocrx_word' id='word_1_389' title='bbox 968 3524 1000 3591; x_wconf 76' lang='lat'><strong>(2,</strong></span> <span class='ocrx_word' id='word_1_390' title='bbox 1011 3524 1042 3592; x_wconf 76' lang='lat'><strong>2).</strong></span> 
     </span>
    </p>
   </div>
   <div class='ocr_carea' id='block_1_8' title="bbox 0 0 1276 3984">
    <p class='ocr_par' dir='ltr' id='par_1_9' title="bbox 0 0 1276 3984">
     <span class='ocr_line' id='line_1_43' title="bbox 0 0 1276 3984; baseline 0 0"><span class='ocrx_word' id='word_1_391' title='bbox 0 0 1276 3984; x_wconf 95' lang='lat' dir='ltr'><strong> </strong></span> 
     </span>
    </p>
   </div>
  </div>
 </body>
</html>
