2470 3972
357 225 415 263 eun
433 227 524 263 rusam.
544 207 591 261 IV.
610 206 740 261 seb-eo.
964 207 1030 271 219

65 363 133 416 sine
149 362 423 425 commemoratione
439 359 498 414 eins
514 357 566 412 loei
582 363 705 429 petatur,
726 355 802 412 uelut
824 357 848 412 si
863 375 881 412 a
897 363 924 412 te
939 360 1030 428 stipu-

64 445 150 500 latus
166 445 233 498 sim·
252 457 278 500 a·
292 459 384 501 nram
408 456 607 499 snsrenrnvn
622 457 735 500 nenos!
749 445 754 505 l
769 457 853 498 onan
870 441 1030 498 aroanna?

66 529 175 584 deinde
201 511 394 584 uero'llomae
415 541 487 600 pure
507 527 562 582 iroe
580 527 664 582 modo
690 525 859 589 inienlrlam:
887 539 1030 583 strenam

70 629 109 670 re
126 625 382 680 ssarrnrnomrm
393 626 418 668 r
432 625 524 668 irrora
537 625 583 667 rr
598 604 784 668 srrrrnnrr¹
808 615 812 676 Ι
840 625 926 666 onan
958 625 1030 666 uror

66 707 250 762 ommam
273 697 337 768 plus
351 696 422 751 enim
439 701 542 767 petere
556 695 620 751 ideo
634 696 795 768 inteltepor‚
812 697 881 766 quio
898 698 902 761 Ι
920 693 1031 750 utilite«

66 788 124 838 tem
139 781 307 854 promissori
324 781 426 848 adimo,
450 795 553 852 qoam,
576 781 603 834 si
622 768 734 848 Ephesi
752 781 855 849 (latret,
876 776 1030 835 habituros

65 871 154 922 esset.
183 861 286 936 Ephesi
299 870 393 920 tomen
406 866 493 920 etium
506 878 582 934 pure
593 869 697 933 potero
717 861 721 936 Ι
741 871 845 936 petere,
864 861 892 918 iri
915 870 957 918 est
972 877 1028 917 non
1039 869 1101 919 207.

65 949 175 1005 adiecto
190 947 261 1003 loon.
297 941 363 1004 bib.
382 947 467 1004 Causa
482 947 544 1021 plus
559 948 671 1020 petitur,
689 947 766 1004 uelut
781 948 804 1003 si
820 948 880 1020 quis
897 947 923 1002 in
939 947 1028 1002 inten-
1045 943 1048 950 '

66 1037 145 1089 tione
162 1031 240 1088 tollat
255 1031 414 1088 electionem
430 1031 571 1100 debitoris,
588 1031 678 1104 'quam
691 1025 737 1088 is²
759 1031 839 1088 habet
855 1030 1027 1103 obligationis

65 1120 140 1186 iure,
156 1113 233 1172 uelut
253 1116 357 1189 siquis
378 1118 415 1171 ita
435 1115 581 1190 stipulatus
600 1116 652 1171 sit:
677 1129 874 1174 sesrunrrvu
895 1133 916 1172 x
937 1129 1029 1172 urnis

65 1217 131 1260 nvo
147 1215 446 1280 nournnmsrromvm
464 1216 549 1258 oona
571 1200 731 1256 aroanna?
754 1199 850 1256 deinde
865 1200 1028 1256 alterutrum

65 1278 191 1344 'solum³
205 1300 239 1339 ex
253 1285 295 1340 his
315 1293 406 1358 petat;
427 1300 488 1340 nam
509 1284 632 1358 quamuis
655 1291 745 1356 petat,
767 1283 841 1357 quod
864 1284 952 1339 minus
973 1292 1026 1355 est,

64 1371 130 1445 plus
146 1377 237 1426 tameo
252 1377 345 1442 petere
361 1368 480 1438 uitiatur,
501 1368 564 1442 quia
585 1375 678 1440 potest
697 1367 869 1424 aduersarius
887 1367 1025 1423 interdum

64 1454 175 1511 laellius
190 1452 217 1508 il
232 1453 465 1527 praestare‚'t1uod
479 1469 534 1508 non
547 1453 660 1525 petitur.
690 1451 815 1508 similiter
829 1452 923 1525 siquis
936 1467 1025 1525 genus

63 1539 213 1613 stipulatus
228 1539 272 1604 sit,
287 1537 385 1593 deintle
405 1538 522 1611 speeiem
543 1545 633 1610 petat,
654 1535 731 1592 uelut
752 1537 856 1610 siquis
878 1552 1025 1609 purpuram

63 1622 216 1696 stipulatus
225 1623 261 1677 sit
272 1621 447 1694 generaliter,
460 1621 557 1676 deinde
568 1621 675 1694 'lyriam
686 1621 840 1694 specialiter
851 1629 942 1693 petato
958 1621 1026 1694 quin

64 1709 147 1764 etiam
163 1707 227 1762 lieet
241 1705 399 1762 uilissimum
414 1713 497 1779 petat,
511 1704 583 1760 idern
599 1703 665 1760 iuris
680 1713 723 1760 est
742 1713 857 1777 propter
869 1720 927 1760 earn
943 1706 1025 1760 ratio·

63 1807 140 1861 nem,
156 1805 236 1863 quam
252 1791 374 1863 proxime
389 1790 513 1846 diximus.
544 1787 615 1843 idern
630 1789 696 1843 iuris
718 1796 770 1858 est,
791 1789 814 1843 sl
837 1789 898 1861 quis
914 1803 1029 1861 generu-

64 1875 131 1932 liter
145 1875 284 1930 hominem
299 1873 445 1947 stipulatus
460 1875 506 1944 sit,
522 1871 618 1928 deinde
633 1873 792 1928 nominatim
807 1872 922 1945 aliquem
941 1881 1027 1945 petat,

65 1960 145 2016 uelut
161 1957 293 2026 Stichum,
310 1959 433 2032 quamuis
456 1958 627 2014 uilissimum.
656 1957 749 2028 itaque
770 1957 841 2012 sieut
861 1957 918 2030 ipsa
939 1958 1028 2029 stipu-

65 2044 133 2100 latio
149 2051 281 2116 ooueepta
296 2051 349 2114 est,
364 2043 400 2098 ita
413 2049 440 2098 el
456 2041 571 2098 intentio
587 2040 720 2096 formulae
732 2042 838 2114 eonoipi
853 2040 943 2098 lebet.
976 2036 1026 2099 64.

64 2127 137 2184 illud
151 2129 218 2183 satis
234 2136 355 2201 apparet,
370 2127 398 2181 in
416 2127 528 2182 incertis
550 2124 673 2181 formulis
695 2124 757 2199 plus
778 2126 834 2198 peti
854 2141 910 2180 non
932 2141 1024 2198 posse,

66 2214 140 2286 quia,
158 2227 220 2268 eum
235 2219 308 2268 certa
325 2212 461 2284 quantitas
477 2226 532 2265 non
547 2217 670 2282 petatur,
691 2209 738 2264 seri
756 2208 886 2283 quidquid
902 2211 1029 2264 aduersa·

6 2307 55 2358 iss]
67 2299 141 2354 rium
156 2295 220 2352 dare
236 2297 323 2352 lacere
337 2295 476 2368 ’oportere
487 2287 618 2366 ριινειιι4
638 2292 808 2362 intendatur,
830 2309 910 2348 nemo
935 2301 1029 2366 potest

67 2382 132 2455 plus
147 2380 297 2438 intendere.
322 2379 393 2436 idem
405 2373 475 2435 ¹ioris
486 2385 530 2433 est
544 2387 572 2433 et
584 2379 607 2432 si
616 2379 650 2432 in
660 2393 717 2432 rem
729 2379 848 2434 incertae
859 2378 943 2450 partis
956 2378 1027 2433 actio

66 2466 130 2521 data
141 2466 188 2534 sit,
201 2463 277 2520 uelut
291 2464 377 2520 ’talisa
395 2477 543 2526 arsurum
554 2477 682 2518 ruerem
694 2477 797 2518 aanor
806 2476 840 2519 nr
853 2475 895 2517 uo
911 2476 1027 2532 rrum,

67 2564 132 2614 ovo
152 2565 195 2605 on
213 2563 347 2618 aaaron,
368 2561 502 2605 aoroers
523 2539 632 2604 nsan⁵
661 2544 735 2618 qood
756 2561 843 2619 genos
864 2547 978 2601 aetionis
1000 2547 1028 2601 in

66 2634 236 2708 paucissimis
258 2635 346 2689 oartsis
373 2633 429 2687 dari
450 2631 528 2688 solet.
571 2626 620 2686 55.
644 2630 708 2684 item
731 2630 817 2702 palam
843 2637 900 2701 est,
922 2631 946 2685 si
968 2631 1028 2702 quis

143 2782 163 2850 ¹)
178 2784 253 2834 Haeo
271 2785 394 2848 specialis
413 2798 507 2832 causae
521 2783 634 2831 adiectio
653 2779 695 2845 (de
713 2797 764 2845 qua
783 2781 818 2843 os.
837 2779 980 2840 Quintius.
999 2779 1028 2830 0.

65 2870 87 2918 t,
104 2869 124 2908 r.
139 2858 163 2919 ξ.
174 2856 206 2919 e.)
222 2857 249 2904 in
263 2856 313 2904 irae
328 2856 430 2904 actione
444 2855 594 2903 necessaria
608 2859 653 2912 est,
669 2854 742 2916 eique
756 2853 867 2916 spatium
881 2853 987 2918 suffieit.

68 2924 90 2990 ²)
105 2928 160 2993 qais
175 2925 220 2992 (aa
231 2925 351 2991 quamuis)
366 2925 393 2974 V
394 2921 421 2977 ’ἦ
461 2921 482 2989 ³)
492 2925 541 2974 eor'
552 2922 645 2974 soleo.
655 2924 713 2978 edd.
725 2925 843 2973 omittunt
854 2919 979 2990 [Admisit
988 2924 1027 2973 ed.

66 2996 163 3066 Bp.·⁶].
182 2996 235 3047 Sed
249 2997 338 3047 careri
351 3010 402 3046 non
413 3003 499 3060 potest
512 3012 534 3044 o.
547 2991 660 3054 ‘solum’,
675 2996 737 3059 quio
749 2991 913 3044 ‘alterutrum
927 3009 962 3043 em
975 2991 1026 3043 Itis’
1105 2993 1108 3012 ¹

63 3072 132 3133 petii
145 3070 222 3119 etiam
237 3070 282 3132 qui
297 3064 331 3115 ‘li
342 3068 415 3116 milia
429 3063 609 3116 uutSticltum'
622 3067 696 3129 petit.
707 3065 786 3115 Iasi:
802 3061 892 3114 ‘veluti
903 3065 1028 3114 hominem

67 3148 166 3190 tontum
180 3147 227 3189 aot
235 3140 321 3189 desem
331 3153 426 3188 aureos
435 3134 551 3188 tantum!
604 3133 625 3201 ⁴)
640 3136 686 3186 Em
694 3152 749 3186 mea
760 3139 792 3199 ej.
804 3141 926 3198 oporteret
934 3133 1028 3184 Soleo.

36 3213 126 3269 [edd.
179 3209 200 3276 ι)
216 3210 261 3259 Eae
280 3205 335 3259 ΙΝ.

139 3359 165 3431 ξ.
181 3364 224 3412 54.
249 3361 288 3425 Of.
309 3359 361 3410 tte.
377 3375 429 3424 pro
445 3359 521 3410 Rose.
537 3361 553 3408 l.
569 3375 591 3408 o.
609 3359 684 3408 Paul.
699 3356 727 3407 S.
743 3357 773 3406 R.
788 3369 809 3414 s,
823 3368 844 3409 8.
868 3357 892 3418 §-
908 3368 928 3406 a.
946 3355 978 3404 L.
993 3369 1027 3408 te.

68 3437 91 3496 ς.
107 3447 127 3484 1.
142 3433 176 3482 D.
190 3433 223 3482 de
235 3434 277 3482 rei
289 3431 360 3482 vind.
375 3431 406 3498 (e,
421 3430 452 3495 ι).
471 3430 504 3479 L.
519 3443 539 3481 1.
555 3432 578 3492 §-
593 3441 614 3481 a.
630 3430 662 3478 D.
677 3431 701 3478 si
710 3444 778 3492 pars
791 3429 845 3478 lter.
861 3428 892 3491 (5,
906 3427 939 3492 4).
959 3427 991 3475 L.
1007 3439 1027 3478 s.

68 3508 91 3567 5.
103 3517 123 3555 1.
139 3504 171 3553 D.
187 3519 274 3554 comm.
289 3500 398 3568 dio.(10,
412 3501 443 3565 s).
459 3501 491 3550 L.
502 3515 514 3552 1
525 3517 569 3564 pr.
580 3501 612 3549 Ι).
623 3501 655 3549 rie
669 3501 795 3565 interrop.
807 3498 851 3564 (11,
867 3496 897 3564 1).
948 3494 974 3566 ξ
986 3499 1028 3550 55.

71 3576 110 3639 Os.
125 3577 148 3637 ἓ.
163 3586 197 3626 aa.
216 3574 239 3623 Ι.
254 3575 285 3624 de
300 3581 351 3623 aet.
365 3573 398 3642 (a,
412 3573 435 3640 s)
451 3589 506 3622 com
525 3571 635 3636 Tlreoplr.
652 3571 770 3622 filontio.
789 3572 822 3620 de
841 3577 955 3620 controv.
970 3585 1030 3636 apr.
