2496 3984
394 231 454 266 dnn
471 231 563 268 insum.
578 214 604 268 Ἰ.
624 221 737 270 14-19.
839 237 841 241 ’
1002 213 1045 278 29

79 366 157 422 Aetia
173 364 266 420 Sentia
288 370 408 432 canetur,
432 371 463 419 nt
486 367 531 436 qui
548 366 622 420 serui
644 380 659 419 e
681 363 797 420 dominis
818 382 921 438 poenae
937 365 1046 420 nomine

81 451 169 506 uincti
193 452 258 524 sint,
280 446 410 520 quibusve
431 449 558 521 stigmata
579 449 790 522 inscriptaeint,
806 449 875 508 dene
891 446 989 525 quibus
1011 447 1045 504 ob

82 551 182 590 nonam
206 532 328 607 quaestio
353 533 495 587 tormentis
517 532 610 588 habita.
635 534 685 603 sit,
706 541 740 588 *et
767 534 850 591 inea
871 552 939 592 noxa
961 531 1046 588 inisse

83 619 206 689 conuicti
219 620 282 688 sint,
299 615 391 688 'quiue
409 612 459 691 (ut)
476 612 541 672 aut¹
561 617 634 672 ierro
654 624 701 672 ant
719 633 779 674 eum
797 616 891 676 bestiis
910 619 1046 691 depugna·

85 709 162 768 rent,
185 701 275 756 traditi
295 701 365 770 sint,
389 701 453 756 inne
474 700 568 758 ludum
589 701 776 758 custodiamue
796 705 913 761 coniecti
934 703 1046 773 inerunt,

85 795 113 841 et
128 793 223 859 postea
239 785 284 840 nel
299 787 332 840 ab
348 786 447 840 eodem
462 785 571 842 domino
584 785 627 842 uel
641 783 674 840 ab
686 786 738 842 alio
749 791 914 860 manumissi,
926 787 1051 844 eiusdem

82 869 251 926 condicionis
277 869 355 925 liberi
381 867 467 941 flant,
496 871 572 928 euius
595 870 763 927 condicionis
794 881 858 929 sunt
890 864 1047 947 peregrini²

79 953 213 1012 dediticii.

148 1039 178 1094 V.
213 1045 247 1092 ite
271 1044 406 1108 peregrinis
430 1043 560 1094 dediticiis.
608 1036 650 1096 14.
680 1039 822 1116 Vocantur
846 1049 934 1097 antem
967 1055 1045 1114 pere·

81 1124 155 1197 grini
175 1123 294 1180 dediticii
316 1123 358 1196 hi,
381 1125 427 1197 qni
450 1125 585 1196 qnondam
601 1123 732 1180 aduersus
748 1126 880 1198 populum
895 1126 1044 1181 Romanum

82 1209 165 1263 armis
188 1207 324 1281 susceptis
340 1218 532 1282 pugnauerunt
552 1209 589 1264 'et
610 1207 708 1264 deinde
724 1204 806 1266 uicti³
828 1228 858 1266 se
874 1209 1044 1265 dediderunt.

80 1287 126 1348 15.
143 1291 228 1348 Huius
244 1309 312 1366 ergo
329 1293 506 1366 turpitudinis
521 1309 617 1348 seruos
635 1307 807 1366 quocumque
818 1295 900 1350 ruodo
913 1301 941 1348 et
955 1294 1046 1350 cuins·

84 1391 201 1449 cumque
212 1377 306 1432 aetatis
319 1377 510 1450 manumissos,
524 1379 575 1432 etsi
586 1377 668 1450 piene
680 1377 739 1430 iure
751 1377 922 1434 dominorum
936 1377 1046 1446 inerint,

82 1475 229 1533 numquam
252 1469 298 1516 ent
320 1463 393 1517 ciues
416 1461 551 1518 Romanos
568 1469 615 1516 aut
634 1460 744 1516 Latinos
764 1459 823 1518 fieri
846 1461 977 1534 dicemus,
997 1460 1045 1516 sed

83 1546 240 1601 omnimodo
256 1545 445 1602 dediticiorum
460 1563 574 1602 numero
590 1545 720 1602 constitui
735 1546 935 1622 intellegemus.

10 1637 73 1686 [104]
149 1624 193 1685 16.
218 1629 246 1685 Si
262 1646 329 1685 uero
345 1632 373 1686 in
388 1630 461 1685 nulia
477 1631 523 1686 tuli
540 1631 708 1704 turpitudine
723 1634 758 1687 sit
772 1647 880 1701 seruus,
902 1631 1045 1685 manumis-

83 1729 144 1768 sum
168 1715 246 1770 modo
274 1715 359 1771 ciuem
385 1715 548 1783 Romanum,
572 1714 654 1788 modo
676 1713 800 1771 Latinum
823 1713 883 1770 fieri
905 1706 1078 1789 diceimnsd.

85 1793 130 1857 17.
152 1796 214 1854 Nam
229 1800 257 1854 in
273 1800 350 1870 cuius
373 1814 489 1872 persone
512 1801 562 1854 trie
585 1799 651 1854 haec
666 1807 841 1869 concurrunt,
865 1805 895 1852 nt
910 1797 995 1852 maior
1010 1797 1047 1852 sit

84 1898 216 1938 annorum
239 1884 364 1956 triginta,
387 1890 415 1938 et
438 1899 470 1938 ex
492 1885 551 1940 iure
574 1881 717 1950 Quiritium
740 1883 851 1946 domini,
876 1889 902 1937 et
923 1881 994 1936 insta
1016 1897 1047 1938 ac

82 1965 204 2040 legitima
219 1969 429 2024 manumissione
444 1966 585 2039 liberetur,
606 1962 690 2024 idest
707 1968 823 2024 uindicta
837 1976 883 2022 ant
899 1983 983 2036 censu
998 1975 1046 2024 eut

83 2059 265 2128 testamento,
280 2053 303 2106 is
319 2053 387 2108 ciuis
403 2051 537 2108 Romanus
554 2051 598 2117 fin
621 2053 662 2108 sin
684 2069 750 2110 nero
771 2052 874 2126 aliquid
889 2067 984 2108 eorum
1000 2051 1046 2106 de·

80 2136 147 2206 erit,
162 2135 273 2192 Latinus
289 2138 350 2192 erit.

150 2219 192 2277 vi.
225 2225 259 2272 De
289 2226 475 2275 manumissione
503 2227 542 2276 uel
570 2241 657 2276 censae
684 2227 834 2292 probatione.
902 2217 1046 2286 18.de

81 2313 176 2361 autern
198 2303 232 2361 de
258 2314 346 2363 aetate
371 2307 445 2362 serni
468 2309 631 2380 requiritur,
664 2308 726 2382 iege
752 2309 826 2364 Aelia
848 2305 940 2362 Sentie
961 2304 1047 2358 intro·

80 2389 198 2446 ductum
220 2397 271 2446 est.
301 2407 361 2446 nem
383 2409 414 2448 ea
434 2391 483 2460 ier¹
496 2393 614 2448 minores
635 2409 699 2448 xxx
720 2407 852 2448 annornm
874 2405 970 2446 seruos
991 2403 1046 2442 non

80 2473 164 2530 aliter
180 2473 267 2530 noluit
281 2477 461 2532 manumissos
476 2477 550 2532 ciues
559 2476 695 2531 Romanos
708 2473 774 2545 fieri,
792 2491 872 2548 quam
885 2473 907 2528 sl
918 2471 1047 2545 uindicta,

80 2556 157 2632 apud
174 2558 316 2622 consilium
337 2561 409 2616 iustu
425 2576 505 2616 cansa
520 2559 739 2614 manumissionis
760 2557 918 2632 adprobata,
941 2555 1047 2610 iibernti

82 2641 198 2701 inerint.
244 2639 288 2701 19.
310 2643 383 2699 insta
399 2652 488 2699 antem
511 2659 592 2698 causa
615 2642 834 2697 manumissionis
854 2647 896 2696 est
916 2638 1002 2694 ueluti
1023 2639 1046 2694 si

81 2727 147 2800 quis
175 2724 258 2782 filiium
279 2725 396 2802 filiamne
417 2736 465 2784 aut
486 2726 597 2783 fratrem
623 2741 783 2782 sororemue
808 2723 974 2794 naturalem,
1001 2732 1047 2780 aut

160 2893 180 2962 ¹)
195 2897 281 2960 quique
296 2904 337 2946 ant
349 2897 374 2946 0.
385 2897 471 2961 quique
486 2905 512 2946 ut
525 2896 583 2947 edd.
595 2893 667 2962 quiue
678 2903 705 2946 nt
715 2912 749 2946 ecc
761 2897 867 2948 Goescd.
879 2901 912 2962 φ’.
923 2897 962 2948 cd.
972 2897 1046 2948 stud.

87 2964 110 3031 2)
125 2965 213 3016 Erant
230 2969 297 3018 enim
311 2967 388 3018 etium
402 2968 506 3032 quidum
520 2970 588 3018 ciues
602 2969 735 3031 dediticii,
755 2971 824 3019 velet
838 2971 898 3020 otim
914 2969 1047 3033 Campani.

87 3033 164 3102 ³)Sic
175 3037 305 3088 Goesoden
315 3046 340 3088 et
352 3039 379 3088 V
380 3033 408 3098 si,
419 3055 569 3104 quostquam
577 3046 601 3088 ct
608 3055 699 3090 errore
705 3041 842 3103 perducto.
858 3041 944 3090 deinde
955 3049 982 3089 ut
989 3039 1047 3088 uicti

85 3115 143 3157 sunt
157 3110 189 3158 de
203 3108 310 3160 Lucium.
325 3112 358 3174 qj.
373 3110 413 3159 ed.
428 3109 476 3176 Bp.
492 3111 577 3159 deinde
591 3117 674 3160 autem
689 3107 752 3176 (pro
767 3118 791 3160 et
805 3111 901 3177 deinde)
917 3111 956 3160 ed.
967 3109 1014 3174 Bp.
1026 3119 1047 3160 5.

160 3284 186 3356 §.
197 3291 238 3339 14.
255 3289 295 3353 Os.
305 3288 337 3338 Ε.
352 3289 476 3340 Huschke
488 3289 583 3340 denam
593 3289 785 3353 mSteneroerf.
792 3305 820 3354 p.
832 3301 870 3341 uos
879 3303 932 3352 seq.
969 3283 994 3356 §-
1007 3287 1048 3336 15.

88 3356 285 3422 Ominum.
323 3356 724 3429 §.16.Os.dt.Dosiati.s.1s.
762 3357 900 3428 §.lidi
921 3357 1049 3422 Utp.1,'s.

88 3441 123 3480 ro.
140 3442 174 3481 ιι.
189 3442 223 3482 ro.
238 3430 271 3480 J..
286 3443 319 3482 n.
337 3432 363 3482 0.
373 3433 406 3482 de
419 3438 470 3482 aet.
486 3435 563 3497 empti
576 3429 664 3498 (use).
702 3428 727 3500 ξ.
741 3434 781 3482 18.
798 3430 837 3494 Of.
857 3429 912 3494 unp.
927 3441 949 3488 1,
959 3440 992 3480 ιι.
1004 3427 1049 3477 Fr,

89 3500 191 3552 Doaiid.
199 3513 232 3553 nt.
246 3501 298 3552 dic.
309 3501 452 3566 proBatdo
461 3515 482 3554 e.
498 3503 531 3552 L.
541 3515 568 3554 le
574 3519 617 3566 pr.
629 3503 661 3552 D.
672 3502 704 3550 de
717 3515 826 3550 manum.
837 3501 907 3550 vind.
917 3499 963 3565 (ao,
974 3499 1005 3565 n).
1016 3499 1050 3548 L.

88 3582 124 3622 nt.
133 3572 165 3621 D.
177 3573 208 3622 de
218 3589 326 3640 manum.
338 3580 393 3623 test.
405 3571 449 3639 (40,
459 3572 492 3638 4).
512 3574 564 3634 iege
575 3573 639 3620 delia
650 3567 743 3637 Sentio]
755 3585 779 3620 a.
790 3582 811 3622 a.
840 3566 865 3638 fi.
876 3573 917 3621 19.
934 3570 972 3633 Of.
983 3572 1007 3631 §-
1015 3581 1049 3620 oo.
