2496 3984
521 229 608 266 omre.
1006 211 1046 274 Π

84 369 165 416 mur,
188 351 250 405 iure
269 352 386 416 dixeris,
410 351 625 420 praeclariorem
649 353 684 406 de
706 353 768 406 iure
791 351 868 406 oivssi
884 352 986 406 librum
1005 353 1045 405 di-

82 419 227 473 scentium
247 419 277 472 in
299 435 381 472 usum
404 435 549 485 nunquam
571 419 705 488 scriptum
726 420 826 484 fuisse,
852 420 910 473 sive
937 420 1046 473 dotium

85 489 149 540 eius
167 487 371 552 excellentiam,
390 488 449 540 sive
466 486 616 540 mirificam
634 488 739 540 frustm
757 487 917 541 ubertatem
935 490 964 541 et
975 489 1047 542 lato-

85 569 151 607 rum
177 553 341 608 felicitatem
367 555 486 624 spectes.
533 555 711 610 Psaestantia
736 555 801 608 libri
827 555 978 633 praecipue
1005 555 1047 607 bis

86 621 172 674 rebus
183 621 365 690 conspicitur:
384 621 461 690 quod
473 638 538 686 non,
557 624 591 675 ut
601 621 759 690 superiores
770 622 838 676 libn
850 639 946 676 omnes
962 639 1046 675 unam

87 689 243 742 alteramve
264 687 332 741 iuris
355 689 445 743 civilis
467 693 591 757 partem,
619 689 667 742 sed
691 706 802 754 revera,
830 691 864 742 ut
885 689 1047 744 Lactantius

87 761 111 820 5,
123 761 147 812 4.
160 761 184 820 ξ.
197 763 222 810 3.
240 771 258 808 a
269 755 427 824 quibusque
443 757 669 810 institutionibus
682 757 778 834 exigit.
792 758 889 811 ‘totius
901 758 1046 811 doctrinae

83 823 274 876 substantiam
297 825 442 888 continet,
466 826 495 878 et
518 824 578 878 eius
595 824 711 892 quidem
733 825 814 890 mais,
839 827 979 893 quotum
995 825 1046 878 im-

83 891 197 958 perium
215 891 372 944 Romanum
394 892 540 956 utebatur,
564 892 599 946 de
622 907 677 958 quo
699 893 756 946 iam
773 891 842 953 dixi,
859 893 1047 946 substantiam

81 973 155 1012 vero
172 958 215 1012 ita
231 957 390 1014 felicissime
409 959 598 1023 enucleatam,
616 961 650 1012 nt
667 959 759 1014 adhrm
776 959 853 1012 rudis
871 959 971 1012 tironis
988 962 1046 1013 ani-

83 1043 148 1078 mus
165 1041 219 1080 uec
237 1026 332 1080 ieiuna
349 1027 476 1081 exilitate
493 1026 696 1091 deterreretur,
719 1043 772 1080 nec
790 1029 881 1081 otiosa
897 1027 980 1095 copia
997 1033 1048 1082 aut

83 1092 288 1161 quaestionum
300 1093 458 1148 subtilitate
470 1095 500 1148 et
511 1093 679 1148 difficultate
692 1095 906 1164 opprimeretur.
936 1095 1046 1150 Deinde

82 1159 163 1228 quod
185 1161 258 1214 hanc
275 1161 367 1229 ipsam
390 1162 577 1216 substantiam
600 1161 765 1230 dispositam
783 1162 871 1217 habet
887 1179 944 1217 non
961 1163 1046 1217 modo

84 1229 153 1296 apte
172 1229 202 1281 et
219 1229 366 1282 commode
385 1229 506 1294 omuino,
526 1230 575 1282 sed
592 1231 633 1292 ut,
650 1230 674 1282 si
686 1246 824 1283 summam
837 1232 956 1300 spectas,
968 1230 1048 1283 nulla

82 1295 144 1348 alia
167 1311 202 1348 ex
224 1311 254 1348 re
276 1296 287 1348 i
308 1311 339 1348 sa
360 1297 454 1365 petita
476 1297 576 1350 divisio
600 1297 723 1350 inveniri
745 1313 827 1365 posse
849 1298 995 1351 videatur:
1018 1297 1048 1350 id

82 1363 175 1430 qnod,
195 1379 258 1416 cum
275 1313 397 1416 iiintium
408 1364 477 1416 iuria
487 1365 518 1416 in
535 1365 579 1418 ius
599 1363 728 1442 gentium
746 1366 776 1418 et
791 1365 837 1441 ius
849 1365 932 1418 civile
945 1365 1047 1420 divisio

84 1431 144 1484 iam
171 1445 206 1484 ex
232 1431 349 1500 antiqua
374 1432 473 1500 populi
499 1431 580 1485 Rom.
606 1431 829 1499 rurisprndentra
858 1433 970 1486 mtenta
999 1433 1048 1498 sit,

82 1497 209 1551 maxime
227 1498 304 1552 cadit
319 1498 349 1551 in
368 1499 487 1553 alteram
504 1499 584 1552 illam
602 1501 632 1552 et
681 1515 734 1552 ane
752 1515 855 1553 novam
872 1500 961 1568 ipsius
978 1500 1046 1553 iuris

82 1565 191 1634 privati
207 1565 237 1618 in
253 1565 296 1618 ius
314 1566 390 1634 quod
408 1567 444 1620 ad
461 1581 597 1636 personas
619 1517 679 1634 (hi.
697 1565 746 1634 1,),
770 1567 846 1636 quod
869 1567 968 1621 adres
987 1567 1046 1632 (lib.

85 1632 121 1686 Π,
140 1632 213 1700 ΙΙΙ.),
233 1635 263 1686 et
279 1633 355 1701 quod
373 1633 410 1687 ad
427 1634 552 1688 actiones
569 1633 696 1703 pertinet
712 1635 772 1700 (lib.
791 1634 850 1698 IV.)
870 1635 1046 1689 divisionem.

85 1699 159 1752 Nam
178 1717 242 1754 oum
259 1716 342 1778 omne
358 1701 402 1778 ius
420 1703 561 1781 privatum
584 1701 690 1780 partim
711 1702 740 1754 iu
763 1717 791 1754 se
815 1703 877 1780 ipso
902 1705 931 1756 et
948 1719 1001 1772 per
1018 1720 1047 1756 se

87 1769 1048 1912 aaziaedaeaamauriensrerrrtseatr⁰aa

85 1903 292 1981 autpersonas,
313 1903 414 1970 qu1bus
427 1904 573 1972 competit,
591 1903 733 1981 respiciat,
752 1903 872 1968 autres,
894 1919 1049 2024 anseper-

30 1985 74 2034 [95]
85 1985 163 2024 sonis
179 1970 345 2036 mservinnt,
364 1971 568 2039 apprehendat,
585 1970 683 2023 addito
702 1985 735 2023 co
747 1969 817 2036 iure,
836 1988 893 2040 quo
924 1973 1048 2026 actiones

85 2037 277 2107 apprehendit
300 2038 407 2091 civibus
429 2039 560 2107 privatis,
589 2038 691 2107 quibus
717 2037 851 2092 iniuriam
871 2039 1047 2108 propulsent,

84 2120 143 2158 non
165 2106 258 2158 minus
282 2121 367 2173 quam
388 2106 500 2175 populis
522 2105 592 2160 belli
613 2106 657 2158 ius
675 2108 881 2174 competentes,
905 2111 963 2160 tres
980 2107 1047 2160 illae

20 2201 22 2215 ι
84 2174 182 2241 partes
201 2173 282 2241 quasi
300 2175 399 2241 sponte
417 2175 591 2227 nascuntur.¹
620 2173 657 2226 Et
668 2173 799 2227 similiter
810 2173 936 2242 ipsarum
948 2175 1048 2227 harum

84 2241 211 2309 partium
221 2239 430 2295 distributiones
443 2241 566 2294 mirabili
578 2241 702 2310 quodam
714 2257 845 2295 verorum
855 2241 1048 2295 discriminum

84 2324 170 2361 sensu
187 2309 321 2361 inventae
341 2310 370 2362 et
387 2324 535 2378 expressae
554 2309 628 2374 suut,
647 2323 704 2376 qua
721 2308 757 2362 de
774 2325 805 2362 re
824 2309 970 2377 disputare
988 2309 1048 2363 lon·

84 2391 155 2444 gum
178 2377 208 2428 et
230 2375 264 2428 ab
286 2375 339 2429 hoc
362 2376 424 2430 loeo
447 2376 570 2431 alienum
593 2377 656 2430 est²
695 2374 824 2444 Denique
843 2375 930 2430 Gaius
952 2377 982 2430 in
1000 2393 1049 2431 ex-

161 2506 181 2574 ¹)
196 2509 247 2566 Quo
258 2511 332 2571 magis
342 2517 426 2572 postea
436 2509 495 2572 ipsis
505 2510 600 2574 populis
610 2510 654 2557 sub
665 2510 744 2570 iugum
756 2509 850 2572 imperii
860 2510 964 2559 redactis
972 2511 1044 2558 etiam

84 2581 195 2631 actiones
212 2580 335 2644 paullatim
354 2581 546 2631 extraordinariis
564 2580 771 2642 persecutionibus
791 2593 901 2637 cessere,
921 2579 1046 2642 inquibus

85 2667 133 2702 non
148 2658 196 2700 tam
210 2658 293 2700 nostro
308 2652 359 2701 iure
373 2651 465 2715 privato
479 2651 504 2699 in
518 2651 619 2712 indicio,
635 2650 698 2714 quod
713 2651 783 2698 nobis
798 2651 906 2712 debetur,
922 2652 1047 2714 persequi-

85 2737 140 2772 mur
159 2721 206 2788 (pr.
218 2723 235 2772 l.
247 2723 275 2771 de
286 2730 332 2772 aet,
343 2725 368 2784 4,
379 2721 423 2788 a),
438 2734 509 2786 quam
524 2736 609 2770 norum
625 2722 662 2770 ius
677 2722 706 2770 ab
721 2721 822 2784 imperio
837 2722 943 2784 pendeas
958 2721 1047 2771 indulta

85 2795 255 2856 amngistratu
274 2795 408 2856 cognitione
430 2807 540 2843 exercere
560 2793 679 2856 videmur,
695 2799 760 2842 tanto
780 2793 854 2855 magis
874 2793 935 2842 actio
951 2795 1045 2856 propria

85 2865 204 2930 quaedam
218 2865 278 2914 iuris
292 2865 378 2927 privati
392 2865 460 2928 qnasi
470 2864 602 2914 substantia
617 2865 761 2926 eccelesia,
777 2865 887 2928 adquam
896 2865 926 2913 ab
942 2865 1003 2928 ipso,
1019 2879 1046 2912 er

85 2951 133 3000 quo
153 2937 258 2998 agium,
278 2935 397 2985 diversum
410 2936 449 2984 ins
462 2937 583 2998 pertinere
597 2936 681 3000 possit.
710 2935 778 2994 Quod
797 2936 893 3000 quidem
908 2937 1001 2998 effecit,
1020 2943 1046 2984 nt

86 3008 135 3056 iam
149 3007 275 3056 iustiniani
289 3014 395 3070 tempore
409 3007 471 3055 inter
485 3008 591 3056 actiones
606 3014 630 3054 et
639 3007 796 3069 obligationes
806 3022 853 3056 nou
864 3008 962 3056 multum
972 3007 1046 3056 inter·

85 3093 141 3126 esse
155 3078 277 3126 rideretur
291 3075 325 3142 (et
339 3091 396 3126 sane
415 3077 486 3126 etiam
505 3079 613 3126 actiones
631 3083 687 3126 snut
705 3077 821 3141 quaedam
840 3079 998 3140 obligationes
1013 3085 1045 3138 et,

85 3149 151 3212 qnod
165 3149 322 3211 Theophilum
337 3149 376 3197 lll.
387 3159 413 3198 ia
427 3161 463 3210 pr.
479 3149 515 3196 ll.
527 3161 540 3199 a
553 3163 590 3212 pr.
605 3149 706 3197 maxime
720 3150 794 3198 morit
808 3155 832 3197 et
846 3150 871 3198 in
886 3163 993 3198 errorem
1009 3149 1047 3196 ia-

86 3221 165 3282 duxit,
185 3219 341 3280 obligationes
355 3219 464 3282 inprimis
484 3233 544 3284 opus
563 3219 651 3268 babent
663 3221 758 3270 actione
778 3227 802 3268 et
820 3235 892 3284 saepe
912 3225 1003 3269 tantum
1024 3221 1047 3268 in

86 3291 173 3352 agendi
188 3290 299 3338 laenitate
312 3291 427 3352 praestita
446 3289 604 3354 consistunttr
625 3297 708 3352 nostro
727 3305 784 3340 vero
803 3298 911 3355 tempore
930 3291 1047 3339 exstincta

86 3375 162 3423 paene
177 3361 279 3409 aetionis
293 3361 433 3422 subeuntia,
449 3361 502 3410 Gaii
516 3361 623 3410 actiones
638 3377 651 3410 a
664 3362 787 3425 plerisque
801 3362 898 3410 omniuo
913 3361 960 3410 alio
974 3375 1046 3410 waso

87 3447 121 3480 se.
137 3446 181 3494 pro
195 3423 331 3496 πράξεσιν
346 3433 524 3494 acciperentnr3
539 3447 585 3496 qua
598 3433 691 3482 ratione
706 3433 785 3481 omnis
800 3432 852 3480 iaus
866 3431 970 3481 Gaianae
986 3432 1047 3480 ‹livi-

87 3503 163 3551 sionis
182 3502 331 3565 perimitur.¹
381 3498 402 3568 ²)
424 3499 538 3554 ‘Tabulas
553 3503 737 3554 delineationem
752 3503 889 3566 systematis
903 3503 1046 3552 Gaiaumnm

88 3573 318 3636 iustinianarumque
333 3574 510 3624 Institutionum
525 3574 587 3622 inter
601 3589 628 3623 se
642 3575 775 3637 comparati
794 3573 933 3624 exbibentes
952 3589 978 3624 er
994 3581 1046 3624 arte

142 3667 228 3710 (larva.
729 3685 733 3692 =
821 3663 837 3710 2
