2496 3984
393 256 398 264 Ι
446 209 504 244 ann
522 210 614 244 rusrrr.
634 191 668 244 II.
688 197 802 246 32-37.
882 256 884 259 .
1058 192 1100 255 83

135 339 202 395 dem
218 337 326 412 praedia
342 341 564 412 mancipationem
580 348 627 396 ant
644 335 693 412 (ia)
708 342 767 396 iure
783 341 932 396 cessionem
949 337 1100 414 ’recipiunt

134 419 189 480 32.
215 415 280 479 Set¹
304 440 365 480 curn
388 423 561 480 ususfructus
583 431 610 479 et
630 425 769 480 hominum
792 433 819 479 et
835 432 987 480 ceterorum
1003 426 1100 480 anima·

134 509 207 563 lium
219 509 349 563 constitui
362 509 459 581 possit,
472 507 632 582 intellegere
643 507 780 579 debemus,
794 509 892 564 horum
904 507 1101 565 usumfructum

136 593 222 648 etiarn
236 593 264 646 in
279 593 427 664 prouinciis
442 609 493 666 per
506 594 534 646 iu
548 594 608 648 iurc
624 592 780 649 cessionem
788 593 919 648 constitui
932 609 1024 666 posse,
1051 589 1100 652 33.

136 674 220 742 Quod
236 683 324 730 autem
340 676 471 748 diximus,
488 677 686 732 usumfructum
706 679 734 732 in
753 679 813 732 iure
830 677 980 734 cessionem
996 685 1101 733 tantum

134 761 271 832 recipere,
287 769 400 816 nonest
416 769 517 817 temere
532 759 649 834 dictum,
671 762 794 834 quamuis
810 763 888 816 etiam
902 777 952 834 per
967 763 1102 836 mancipa-

138 845 243 902 tionem
267 845 400 900 constitui
421 846 510 919 possit
525 861 569 915 co,
592 845 666 917 quod
688 847 715 900 in
737 845 912 918 mancipanda
934 847 1101 920 proprietate

136 929 247 984 detrahi
259 936 367 1002 potast3
383 945 439 984 non
451 931 522 985 enim
535 927 594 1004 ipse
606 929 779 986 ususfructus
791 931 968 1003 mancipatur,
980 929 1028 985 scd
1040 947 1101 986 cum

133 1015 165 1068 in
188 1012 361 1086 mancipanda
382 1014 549 1086 proprietate
570 1013 734 1086 deducatur,
755 1031 788 1070 eo
812 1011 854 1080 fit,
878 1021 908 1070 ut
928 1016 1002 1088 apud
1020 1014 1101 1070 alium

137 1097 326 1168 ususfructus,
342 1099 417 1170 apud
431 1097 512 1154 alium
527 1099 680 1171 proprietas
695 1091 756 1154 εἰῑ.2

202 1177 253 1238 34.
277 1180 418 1237 Hereditas
439 1199 548 1254 quoque
570 1183 597 1236 in
615 1183 674 1238 iure
695 1184 844 1239 cessionem
865 1190 969 1238 tantum
993 1185 1099 1257 recipit.
1164 1205 1167 1216 ·

134 1263 186 1323 3⁵.
210 1265 277 1320 Nam
298 1267 322 1321 si
343 1267 381 1328 is,
403 1265 435 1320 ad
455 1283 535 1339 quem
558 1266 590 1321 ab
605 1267 736 1343 intestato
757 1267 881 1340 legitimo
903 1269 962 1322 iure
982 1270 1101 1340 pertinet

135 1349 292 1421 hereditas,
313 1351 341 1406 in
360 1351 420 1406 iure
435 1367 495 1406 eam
510 1349 557 1405 alii
569 1359 633 1406 ante
653 1351 798 1406 aditionem
814 1351 905 1420 cedat,
926 1351 952 1406 id
968 1359 1012 1406 est
1027 1359 1101 1408 ante·

135 1451 217 1509 quam
234 1437 314 1492 heres
330 1435 461 1505 estiterit,
476 1434 591 1508 proinde
606 1433 635 1489 fit
651 1435 785 1507 heresis,
801 1436 844 1492 cui
860 1437 887 1490 in
902 1437 962 1491 iure
977 1437 1100 1507 cesserit,

133 1537 168 1576 ao
184 1521 208 1574 si
224 1519 283 1592 ipse
297 1535 348 1593 per
362 1519 451 1592 legem
467 1519 499 1574 ad
515 1518 693 1574 hereditatem
708 1527 823 1576 uocatus
840 1527 925 1576 esset:
947 1530 1011 1594 post
1032 1519 1100 1576 obli·
1142 1573 1155 1588 ,

134 1605 277 1678 gationem
292 1619 360 1659 uero
375 1605 398 1658 si
415 1605 545 1674 cesserit,
562 1602 738 1659 nihilominus
753 1605 813 1677 ipsc
832 1596 837 1682 Ι
857 1605 936 1660 heres
951 1613 1099 1677 permanet,
1112 1615 1154 1664 63.

133 1698 165 1745 et
189 1687 224 1744 ob
245 1687 273 1742 id
294 1686 475 1744 creditoribus
497 1686 650 1757 tenebitur}
672 1687 760 1743 debita
777 1705 844 1744 nero
860 1696 992 1761 pereunt,
1013 1705 1101 1761 eoque

133 1771 220 1828 modo
236 1771 375 1828 debitores
391 1771 547 1828 hereditarii
560 1771 666 1826 lucrum
683 1771 801 1841 faciunt;
823 1788 938 1844 corpora
961 1789 1026 1828 uero
1043 1773 1101 1828 eius

134 1856 297 1912 hereditatis
312 1855 425 1931 perinde
440 1863 585 1911 transeunt
599 1855 632 1910 ad
647 1871 725 1926 eum,
749 1857 791 1912 cni
807 1873 882 1912 cessa
899 1864 940 1912 est
955 1856 1100 1928 hereditas,

133 1959 170 1996 ac
185 1941 209 1996 si
224 1941 249 1996 ei
265 1940 374 2014 singula
388 1942 415 1995 in
432 1942 491 1996 iure
506 1955 582 1996 cessa
594 1939 720 1995 fuissent.
750 1935 801 1997 ab.
819 1938 992 1996 testamento
1010 1949 1101 1996 autem

132 2025 257 2098 scriptus
273 2026 352 2080 heres
368 2034 430 2080 ante
445 2024 542 2080 aditam
560 2024 667 2098 quidem
680 2023 857 2080 hereditatem
870 2027 897 2080 in
909 2027 968 2081 inre
980 2025 1101 2081 cedendo

134 2125 198 2166 eam
214 2108 263 2165 alii
274 2109 342 2164 nihil
356 2111 428 2182 agit;
443 2117 539 2182 postea
554 2125 622 2164 uero
639 2124 719 2181 quam
735 2108 833 2164 adierit
848 2111 870 2164 si
886 2108 973 2180 cedat,
989 2125 1019 2164 ea
1034 2111 1102 2165 acci·

49 2205 121 2254 [155]
133 2194 216 2261 dunt,
233 2209 300 2267 quae
315 2195 437 2267 proxime
452 2193 565 2248 diximus
581 2192 614 2248 de
630 2209 682 2266 eo,
698 2192 730 2248 ad
747 2209 827 2266 quem
842 2193 874 2248 ah
890 2195 1018 2248 intestato
1033 2193 1103 2266 legi·

134 2280 204 2334 timo
227 2280 287 2334 iure
307 2279 425 2351 pertinet
445 2277 597 2346 hereditas,
621 2278 644 2332 si
666 2286 730 2350 post
753 2276 947 2350 obligationem
962 2269 1020 2354 (in)
1042 2278 1102 2332 iure

133 2362 224 2436 cedat.
261 2357 308 2419 37.
331 2361 404 2416 ldem
419 2370 447 2417 et
462 2361 495 2416 dc
511 2363 671 2417 necessariis
687 2359 834 2416 heredibus
849 2360 974 2416 diuersae
992 2360 1102 2416 scbolac

134 2455 266 2502 auctores
282 2447 446 2516 existimant,
462 2445 534 2518 quod
550 2445 618 2501 nihil
634 2445 746 2500 uidetur
761 2448 912 2514 interesse,
927 2452 1018 2500 utrum
1033 2437 1101 2522 (oli-

134 2527 217 2608 quts)
229 2529 353 2586 adeundo
366 2529 543 2585 hereditatem
557 2527 606 2584 liat
618 2529 697 2584 heres
711 2545 743 2583 an
756 2529 859 2583 inuitus
874 2521 989 2584 ’statim³
1000 2530 1099 2584 existat

213 2723 233 2791 ¹)
247 2725 375 2788 recipiunt'
391 2731 415 2772 et
430 2725 456 2773 0.
477 2724 603 2786 recipiunt.
632 2723 662 2771 Et
680 2723 719 2771 ed.
735 2722 783 2788 Bp.
860 2720 1017 2790 ²)Sequitur
1032 2725 1101 2773 linea

134 2813 229 2848 vacua.
296 2792 316 2862 ³)
331 2803 416 2844 statem
430 2795 506 2844 babet
521 2795 547 2843 0.
564 2797 646 2858 ponto
665 2801 724 2842 ante
743 2796 813 2844 inter
831 2796 921 2844 litatem
935 2803 961 2845 et
978 2796 1031 2856 tiat3
1050 2796 1101 2845 buc

135 2869 297 2931 transposui.
639 2885 645 2896 ¹

209 3042 235 3114 ξ.
250 3047 293 3096 33.
315 3043 355 3108 Os,
369 3045 392 3106 5.
407 3054 441 3094 co.
463 3042 507 3091 Fr.
528 3040 586 3091 Vct.
605 3054 639 3092 aa.
659 3053 693 3094 so.
712 3042 745 3093 L.
765 3055 798 3094 aa.
819 3043 851 3090 D.
871 3043 903 3092 de
922 3044 1006 3107 onufr.
1022 3042 1054 3108 (a,
1068 3043 1100 3108 1.)

136 3114 163 3185 ξ.
180 3119 223 3166 34.
242 3116 281 3180 Os.
301 3114 356 3178 lltp.
372 3126 406 3172 rs,
421 3125 454 3164 11.
478 3111 552 3162 Serv.
568 3114 604 3162 ad
617 3112 682 3162 Aen.
696 3125 718 3176 e,
733 3125 780 3165 eea.
866 3110 892 3181 ξ.
908 3116 950 3164 35.
972 3115 1010 3177 Cf.
1025 3126 1050 3168 a,
1065 3125 1100 3165 ss.

141 3188 197 3250 Ulp.
214 3200 248 3245 13,
264 3197 360 3236 13-14.
380 3185 412 3233 L.
430 3198 450 3234 1.
468 3183 493 3233 0.
509 3185 540 3233 de
555 3199 640 3234 revoc.
655 3184 697 3233 bis
711 3201 734 3248 q.
751 3187 778 3234 in
790 3185 883 3248 fraud.
899 3182 930 3249 (a,
946 3184 990 3250 ⁷5).
1009 3183 1099 3235 Senec.

137 3261 169 3308 de
185 3259 267 3321 benef.
284 3270 305 3314 a,
320 3267 340 3307 5.
356 3257 379 3317 ἕ.
395 3267 415 3306 3.
435 3252 548 3322 cesserit]
564 3257 617 3304 sine
632 3256 686 3318 ipse
701 3255 784 3313 heres,
800 3257 853 3304 sive
869 3257 905 3313 is,
920 3257 995 3304 cuius
1009 3257 1032 3304 is
1046 3258 1102 3304 iuri

132 3337 227 3393 postea
240 3327 372 3378 subiectus
390 3333 439 3384 est,
458 3328 527 3374 velut
544 3328 569 3374 si
582 3341 630 3374 sua
645 3326 720 3374 berec
735 3328 792 3389 filia
814 3328 841 3374 in
856 3341 956 3374 nannum
970 3328 1026 3374 eins
1040 3343 1100 3376 ocn-

136 3401 239 3450 nenera't
252 3398 285 3465 (3,
299 3397 344 3464 ut).
368 3397 449 3446 Varr.
464 3397 496 3445 de
510 3412 533 3445 r.
548 3413 571 3445 r.
587 3409 608 3454 3,
624 3408 657 3446 16.
672 3399 695 3458 5.
711 3408 731 3447 2.
747 3396 791 3446 nbi
810 3395 943 3462 tepentium
963 3393 1048 3446 ‘cesso
1066 3400 1101 3446 mi

136 3467 304 3520 hereditate’.
356 3464 381 3536 5.
397 3470 440 3518 36.
462 3467 499 3524 Cf.
514 3479 536 3525 3,
551 3479 584 3520 33.
609 3466 664 3530 Ulp.
681 3480 762 3527 1e,1u.
779 3480 812 3518 14.
833 3467 903 3516 Plin.
918 3483 957 3531 ep.
973 3479 1029 3526 3,1.
1045 3471 1068 3531 ξ.
1078 3481 1099 3520 a.

137 3539 163 3610 ξ.
180 3545 222 3594 37.
245 3541 283 3604 Cf.
299 3551 320 3599 3,
335 3551 368 3590 8⁷.
388 3553 431 3586 sno
446 3536 511 3602 loco]
527 3541 549 3600 §-
565 3549 604 3589 133
618 3552 669 3602 aeq.
985 3541 991 3548 ‘

850 3623 887 3680 6*
