2496 3984
228 180 271 243 60
516 195 573 232 een
592 197 685 234 uiam.
703 177 724 230 Ι.
744 182 894 232 133-135.

174 334 216 381 36.
228 320 495 385 manummerias
505 335 598 383 autem
612 326 1009 395 sumusditrerumarbitrium
1022 339 1092 380 esse
1101 328 1143 393 ei,
1157 327 1208 396 qai

174 405 189 440 c.
201 411 217 440 ⁸·
225 413 317 482 filiam
335 419 363 467 et
385 428 425 468 etc
440 426 472 466 eo
488 418 617 482 nepotem
632 415 660 466 in
671 415 817 481 potestate
832 411 954 478 habebit,
971 411 1068 480 fitium
1084 411 1221 479 quidemi

226 503 369 570 potestate
384 498 535 565 dimittere,
550 501 680 566 nepotem
696 510 767 550 uero
782 497 812 550 in
823 499 969 566 potestate
981 494 1147 549 retinere:
1162 497 1207 548 net

229 597 268 638 em
277 583 394 637 diuerso
404 583 494 652 fitium
506 581 617 652 quidem
628 581 657 634 in
667 585 812 650 potestate
823 581 961 648 retinere,
973 585 1121 648 nepotem
1136 594 1207 633 aero

222 669 443 735 'manumittere
468 666 515 719 uet
536 678 633 719 omnes
651 666 699 718 sui
717 666 790 718 iuris
810 663 943 735 efficere.
985 663 1093 718 eadem
1121 669 1154 716 et
1176 663 1208 716 de

227 755 387 822 pronepote
401 750 480 804 dicta
496 762 558 803 esse
573 749 775 819 inteltepemus.

185 905 187 910 s
291 831 356 889 134.
378 827 559 888 ²Praeterea
580 837 721 902 parentes
743 825 828 886 etiam
843 831 948 886 liberos
963 834 994 886 in
1011 832 1206 901 adoptionem

229 921 312 974 datos
327 921 355 973 in
369 923 511 988 potestate
526 917 635 971 trabere
650 917 793 973 desinant.
823 923 850 970 et
863 919 892 972 in
907 915 968 986 filio
983 917 1118 988 quidem,
1137 919 1166 970 si
1179 919 1206 970 in

176 1011 218 1059 37.
231 1004 409 1073 adoptionem
420 1003 516 1070 datar,
534 1006 594 1056 tres
607 1001 837 1070 mancipationes
850 993 853 1077 )
866 1005 894 1054 et
906 999 976 1056 duae
990 999 1205 1054 intercedentes

230 1085 454 1140 manumissiones
470 1083 583 1156 proinde
597 1081 673 1149 fiunt,
689 1099 719 1139 ac
732 1081 790 1138 fieri
801 1083 902 1155 solent,
914 1099 976 1138 cum
993 1085 1030 1138 ita
1043 1078 1111 1138 eum
1127 1092 1205 1157 pater

230 1169 263 1224 de
279 1175 413 1242 potestate
434 1169 560 1240 dimittit,
578 1177 607 1222 ut
622 1169 664 1222 sui
680 1169 745 1222 iuris
761 1167 902 1224 efficiatur.
939 1167 1037 1222 deiude
1061 1176 1115 1222 aut
1132 1169 1204 1240 patri

229 1255 438 1327 remancipatur,
448 1260 476 1308 et
487 1251 519 1308 eb
531 1268 563 1307 eo
576 1254 610 1322 is,
622 1253 668 1325 qui
680 1251 800 1324 adoptat,
811 1251 931 1309 uindicat
942 1254 1018 1326 apud
1027 1259 1202 1324 praetorem,

231 1336 314 1394 tilium
336 1354 415 1392 suum
437 1353 508 1408 esse,
531 1345 559 1392 et
579 1337 626 1392 iilo
642 1345 735 1392 contra
752 1351 806 1391 non
824 1337 977 1392 uindicante
998 1329 1044 1390 'a3
1066 1345 1202 1409 praetore

233 1423 379 1477 uindicanti
394 1421 464 1476 filius
480 1421 623 1490 addicitur,
640 1430 687 1476 aut
701 1419 764 1476 ’uon
780 1413 997 1493 remancipatur⁴
1012 1421 1097 1494 patri,
1114 1411 1200 1482 ’sedi

232 1505 269 1561 ab
286 1522 319 1561 eo
335 1505 460 1560 uindicat
481 1506 503 1559 is
520 1505 566 1577 qui
581 1505 713 1577 adoptat,
737 1507 817 1576 apud
830 1521 911 1578 quem
926 1509 954 1560 in
972 1499 1082 1562 tertia⁵
1097 1505 1202 1560 manci·

231 1591 341 1664 petione
364 1597 420 1644 est:
442 1596 485 1644 set
506 1605 569 1644 sane
589 1589 755 1644 commodius
776 1598 816 1645 est
839 1588 909 1662 patri
924 1583 1136 1662 remancipari.⁶
1172 1590 1200 1643 iu

231 1675 329 1730 ceteris
352 1689 417 1728 uero
438 1671 585 1728 liberorum
607 1674 747 1746 personis,
768 1690 817 1728 seu
836 1674 977 1730 masculini
1001 1690 1050 1728 seu
1073 1673 1199 1729 iemiuiui

233 1773 327 1820 sexus,
348 1774 401 1813 uua
422 1757 526 1813 scilicet
546 1758 707 1830 mancipatio
723 1755 839 1827 sufficit,
863 1767 890 1813 et
911 1765 956 1813 aut
972 1759 1198 1830 remancipantur

231 1843 337 1916 parenti
354 1850 400 1898 aut
417 1859 475 1897 uon
488 1843 716 1914 remancipantur.
747 1841 839 1897 eadem
859 1851 887 1897 et
907 1844 935 1896 iu
956 1841 1107 1915 prouinciis
1121 1845 1201 1915 apud

230 1926 381 2000 praesidem
404 1927 560 1999 prouinciae
582 1926 672 1981 solent
693 1923 762 1982 fieri.
805 1923 867 1984 135.
895 1923 946 1992 Qut
970 1943 1002 1981 ex
1026 1925 1084 1981 filio
1110 1925 1195 1982 semel

231 2011 367 2076 iterumue
382 2011 532 2082 mancipato
548 2019 696 2082 conceptus
712 2017 763 2080 est,
779 2009 843 2066 lieet
857 2019 920 2084 pust
938 2011 1043 2066 tertiam
1060 2012 1197 2083 mancipa-

231 2095 333 2149 tionem
350 2093 434 2166 patris
450 2094 491 2148 sui
506 2096 640 2162 nascatur,
657 2095 789 2148 tamenin
805 2096 847 2149 aui
862 2103 999 2168 potestate
1015 2103 1072 2166 est,
1084 2103 1118 2150 et
1133 2095 1195 2150 ideo

232 2269 292 2311 tune
306 2277 341 2311 em
355 2261 439 2310 edicto
455 2261 593 2310 Praetoris
606 2259 666 2311 etc.’
735 2259 754 2328 ¹)
769 2261 818 2311 Est
831 2265 854 2324 ᾖ.
871 2275 890 2313 7.
905 2263 927 2311 Ι.
942 2263 966 2311 i.
983 2270 999 2311 t.
1015 2259 1047 2310 L.
1064 2275 1097 2314 28.
1115 2264 1147 2312 D.
1162 2265 1195 2312 de

231 2333 317 2396 ndppt.
333 2329 365 2397 (1,
380 2330 403 2398 7)
417 2348 434 2381 a
455 2331 546 2381 Go'sclt.
561 2339 631 2382 recte
645 2333 669 2381 n.
686 2335 702 2381 t.
713 2334 810 2396 posita.
840 2333 908 2382 Mitt
926 2341 1008 2382 tamen
1025 2335 1194 2383 verisimilius

231 2405 312 2452 nisum
326 2411 371 2462 est,
387 2405 488 2452 initium
502 2405 529 2465 §i
543 2405 570 2452 in
585 2403 728 2452 Iustiniani
741 2403 805 2452 Inst.
817 2405 923 2466 fidelius
942 2420 1018 2468 quom
1036 2406 1063 2452 in
1082 2405 1143 2470 Dip.
1157 2421 1194 2454 ece

234 2473 299 2524 Gaio
318 2481 504 2538 transumptum
522 2489 592 2530 esse;
611 2474 678 2522 unde
697 2489 731 2522 eo:
749 2476 804 2523 iltis
821 2477 932 2524 restitui.
968 2471 1102 2527 ‘Liberum
1122 2476 1192 2524 arbi-

232 2546 310 2594 trium
323 2552 362 2595 est
374 2547 400 2595 ei
407 2543 414 2568 ’
432 2546 471 2594 ed.
486 2544 534 2612 Bp.
565 2545 617 2594 Nee
632 2546 779 2610 quiequam,
794 2547 818 2594 si
831 2539 983 2595 sententiam
997 2553 1107 2610 spectas,
1124 2549 1192 2596 inter

230 2616 295 2666 naec
309 2623 334 2665 et
347 2632 390 2676 ea,
405 2631 471 2681 quae
486 2624 537 2666 not.
552 2616 667 2666 anteced.
682 2617 842 2680 sipnificaoi,
861 2617 993 2666 interiisse
1008 2617 1119 2666 uidetur.

234 2683 254 2752 ²)
270 2687 376 2736 Initium
390 2687 439 2737 itae
460 2687 621 2750 deperditum
640 2702 674 2735 em
691 2685 819 2735 (itiseioeni
834 2687 894 2750 fere
907 2689 1071 2737 restitutione
1084 2689 1121 2737 ad
1132 2705 1190 2737 sen-

231 2772 287 2804 sum
305 2757 531 2806 demonstrandum
549 2759 674 2820 supplevi.
709 2756 782 2806 Nihil
798 2759 865 2806 enim
886 2760 954 2808 inter
972 2759 1040 2808 nane
1058 2761 1081 2820 §-
1099 2767 1125 2808 et
1142 2771 1189 2810 133.

233 2828 408 2885 intercidisse,
424 2843 458 2876 eo:
472 2829 512 2888 ἓξ.
524 2839 543 2878 7.
559 2840 579 2878 8.
599 2827 621 2876 Ι.
637 2827 704 2891 quib.
720 2829 785 2876 mod.
801 2829 818 2876 i.
829 2835 884 2892 pot.
899 2831 961 2878 sota.
977 2827 1009 2894 (1,
1021 2827 1056 2894 11)
1072 2838 1187 2893 apparet.

234 2893 255 2962 ⁸)
269 2897 328 2947 Hoc
342 2912 355 2946 a
367 2897 506 2962 fugitiuum
520 2899 548 2946 in
565 2897 590 2946 0.
612 2900 681 2947 inter
695 2899 801 2947 uindicat
814 2906 839 2948 et
853 2900 915 2962 apud
926 2902 1039 2962 positum
1053 2900 1100 2950 irae
1115 2916 1188 2950 reuo-

223 2967 342 3030 candum
361 2974 425 3017 erat.
483 2964 506 3034 4)
520 2967 565 3017 En
582 2967 716 3018 Sciteurtit'
729 2971 762 3032 ej.
774 2971 878 3032 firmota
898 2969 924 3018 V
926 2966 953 3018 ⁸⁶.
973 2971 1025 3019 iure
1044 2972 1189 3034 mancipatur

234 3037 259 3087 C.
275 3039 333 3087 edd.
399 3037 420 3105 ⁵)
435 3038 479 3087 En
499 3038 525 3088 V
527 3034 548 3070 ‘i
562 3047 587 3088 et
601 3041 700 3102 partim
719 3055 753 3088 eae
771 3039 904 3089 Scioeurtii
921 3045 953 3104 ej.
1020 3037 1040 3106 ⁰)
1055 3042 1187 3100 seabeo,

232 3111 276 3158 cui
290 3111 317 3158 in
331 3111 494 3173 adoptionem
504 3111 614 3159 daturus
623 3117 669 3168 est,
684 3113 800 3160 neotiom
811 3127 958 3174 personam,
970 3113 1013 3161 cui
1022 3114 1185 3175 mancipetur,

232 3179 355 3244 adhibere
369 3196 472 3230 necesse
485 3183 528 3230 sit.
547 3179 665 3230 Seiteurt.

303 3318 328 3390 §-
345 3325 404 3372 134.
427 3323 464 3386 Of.
480 3325 589 3371 manime
605 3321 673 3370 Ptin.
689 3338 728 3385 ep.
744 3333 809 3379 8,18.
824 3325 847 3384 ξ.
858 3335 879 3373 1.
890 3331 1031 3386 praeterea
1048 3323 1105 3372 dett.
1117 3336 1181 3381 5,19.

231 3391 301 3441 Suet.
319 3391 373 3442 Oct.
388 3405 421 3444 61.
443 3393 496 3442 Cic.
511 3393 542 3441 de
553 3394 599 3454 fin.
610 3404 631 3452 1,
646 3405 665 3442 7.
689 3393 794 3442 Tertuti.
806 3397 873 3456 apot.
884 3407 904 3445 9.
920 3394 951 3443 L.
968 3397 1012 3442 uit.
1025 3394 1050 3443 C.
1061 3395 1090 3443 de
1098 3395 1180 3457 adopt.

232 3461 263 3594 (85,
283 3462 329 3584 ᾗ)
349 3465 374 3583 ἓ)
396 3475 416 3513 8.
443 3464 465 3512 I.
487 3471 504 3511 t.
524 3480 546 3512 e.
566 3463 601 3526 (1,
621 3461 666 3528 11).
739 3459 764 3530 ξ.
789 3466 846 3514 135.
872 3465 910 3528 Of.
931 3467 954 3526 g.
974 3477 995 3515 9.
1015 3464 1036 3513 Ι.
1056 3465 1086 3514 ib.
1102 3479 1180 3528 supra
