2470 3972
205 188 273 262 218
488 207 546 244 ssu
564 207 656 244 meurs.
675 190 722 244 IV.
742 193 884 244 522-532.

207 339 319 394 tnissunt
333 346 384 395 est.
407 347 434 394 at
445 339 468 396 si
484 331 582 394 etinm¹
599 341 712 394 tuentio
725 341 820 409 posita
833 354 889 394 nan
902 340 948 407 sit,
962 345 967 400 1
983 340 1086 410 quanti
1098 340 1161 394 uelit
1216 392 1219 402 ,

209 425 402 480 condemnare
420 429 523 494 potest.
553 417 614 478 52⁸.
642 423 721 480 Unde
736 426 813 494 quia,
831 423 908 495 qaod
925 425 1008 492 petit,
1031 423 1098 494 iqui
1112 421 1161 476 ior·

207 507 308 563 mutarn
326 508 435 579 occipit,
453 505 593 564 intendere
609 505 699 576 debet,
721 507 780 562 ’neo
800 509 930 578 sinpliuis
954 508 1046 562 indere
1063 497 1160 578 quam²

207 597 282 648 certo
298 591 524 648 condemnatione
540 591 755 665 constringitur,
774 591 822 646 sed
845 607 895 646 nec
911 599 915 652 t
932 593 1036 654 iterum
1057 589 1160 646 esuriem

205 675 360 748 formatum
383 676 494 750 accipit,
518 678 569 746 qai
594 677 665 748 enit,
686 679 765 732 etin
792 677 1039 736 condemnatione
1060 681 1161 730 certam

204 763 370 831 pecaniam,
384 777 469 832 qaam
478 763 560 832 petit,
571 776 681 830 ponere
693 761 785 829 debet,
797 775 834 815 ne
852 765 1052 832 consequatur
1070 762 1160 822 mistus

206 861 287 916 quarn
304 839 400 918 uelit.³

270 924 318 986 53.
335 927 363 983 Si
380 929 441 1001 quis
453 929 604 984 intentione
615 927 676 1002 pins
693 927 842 1000 conptenns
859 927 952 998 tuerit,
972 943 1065 984 eausa
1081 929 1160 994 eadit,

211 1013 238 1067 id
255 1021 298 1068 est
313 1029 370 1068 rem
387 1012 485 1086 perdit,
501 1028 552 1068 nec
567 1027 581 1066 a
596 1021 723 1086 praetore
744 1013 771 1068 in
786 1013 926 1086 integrum
940 1013 1106 1082 restituitur,
1121 1027 1160 1066 er·

207 1100 298 1169 ceptis
313 1095 474 1169 quibusdam
493 1095 615 1168 casibus,
637 1097 665 1152 in
681 1097 788 1170 quitus
810 1113 905 1153 amnes
927 1104 1045 1154 actores
1057 1104 1162 1167 praetor

206 1197 263 1236 non
278 1176 400 1253 petitur4
416 1181 457 1246 cib
479 1195 606 1237 errarem
627 1197 709 1238 suum
729 1182 833 1237 damno
849 1180 949 1252 astian-
967 1198 1036 1238 nam
1056 1183 1161 1236 minori·

206 1266 260 1322 bas
281 1280 349 1322 nnn
369 1282 511 1322 annornm
531 1269 656 1336 semiper
675 1272 706 1321 nt
730 1269 761 1322 in
784 1269 851 1322 aliis
870 1269 970 1322 eaesis
990 1271 1019 1321 et
1038 1266 1085 1320 trie
1103 1280 1162 1320 sne·

205 1352 308 1406 currit.
337 1343 416 1408 6³⁰.⁵
433 1349 504 1406 Pius
519 1356 614 1406 autem
628 1356 767 1422 quattuor
779 1357 784 1411 Ι
797 1349 883 1404 modis
901 1351 1013 1422 petitur,
1026 1342 1089 1418 ’re⁶,
1103 1357 1163 1404 tem·

207 1449 284 1506 pore,
302 1433 374 1505 ioco,
390 1450 480 1490 causa.
511 1450 550 1499 re,
574 1434 651 1490 uelut
672 1437 698 1489 si
716 1437 782 1506 quis
800 1451 856 1504 pre
877 1449 900 1491 s
917 1433 1038 1504 tniiibus,
1060 1448 1128 1505 quse
1141 1432 1163 1487 ei

204 1517 356 1588 debentur,
377 1535 419 1574 xx
440 1518 512 1574 mitta
533 1519 650 1592 petierit,
673 1525 724 1574 aut
745 1519 769 1572 si
790 1522 825 1586 is,
848 1521 931 1574 euius
947 1521 951 1582 Ι
969 1533 1002 1572 en
1024 1526 1101 1590 parte
1122 1523 1213 1573 restiti}

204 1609 287 1670 esset,
305 1609 389 1658 toturn
405 1619 464 1658 earn
479 1611 526 1658 sut
547 1603 648 1658 maiore
663 1619 695 1658 en
711 1608 789 1674 purte
810 1604 912 1667 suomi
933 1617 992 1656 esse
1012 1600 1162 1658 intenderit.

204 1691 343 1756 tempore,
357 1689 437 1744 acini
449 1688 475 1742 si
483 1690 512 1743 in
525 1687 597 1744 diem
609 1689 763 1758 stipulatus
773 1689 777 1749 Ι
788 1694 849 1742 onte
861 1687 935 1742 diem
945 1687 1074 1756 petierit.
1094 1687 1164 1753 toea,

147 1779 149 1784 '
207 1773 286 1826 aetat
302 1774 329 1826 si
342 1772 379 1840 id,
397 1773 474 1844 arrad
488 1778 568 1828 certo
582 1774 646 1828 ioca
659 1779 665 1833 t
677 1770 734 1826 tisri
750 1771 914 1843 promissum
926 1779 979 1838 est,
994 1770 1023 1825 id
1036 1773 1163 1855 otioloeo

279 1952 299 2020 ¹)
309 1955 354 2008 Ee
366 1957 394 2004 V
394 1954 422 2015 η,
433 1957 500 2005 unde
507 1971 573 2020 quae
580 1963 723 2020 sequuntur
730 1957 783 2006 atio
793 1969 870 2005 sensu
878 1970 953 2019 quam
960 1957 1163 2019 unoeasecerun,

203 2027 367 2075 restituenda
376 2034 463 2096 erant..
479 2026 550 2076 Idem
560 2030 628 2076 ualet
637 2029 669 2076 de
679 2034 733 2077 tata
743 2028 766 2088 ξ.
778 2029 826 2084 ⁶2³,
837 2025 881 2074 ubi
890 2027 968 2075 multo
975 2028 1059 2088 plura
1069 2043 1086 2076 a
1095 2025 1162 2076 siaa

200 2098 273 2146 lecta
287 2103 354 2146 sunt.
384 2098 416 2146 In
430 2097 471 2146 liis
486 2099 588 2147 litteras
602 2113 696 2155 omnes,
711 2113 777 2162 quae
787 2099 868 2146 lectae
881 2103 950 2154 sunt,
966 2098 1046 2160 ipsas,
1062 2113 1107 2146 eae
1126 2097 1164 2146 abi

205 2168 337 2230 deficiant,
346 2170 459 2232 spatium
469 2176 593 2218 accurate
605 2171 716 2226 servaei,
725 2175 865 2231 praeterea
878 2167 910 2216 de
919 2183 997 2216 sensa
1010 2175 1109 2217 tentum
1117 2171 1163 2218 sot-

203 2240 305 2288 iicttus,
338 2234 359 2305 ²)
370 2239 453 2298 idest,
464 2245 492 2288 ut
500 2254 585 2302 saepe,
596 2247 620 2288 et
630 2239 810 2289 tantummode.
854 2234 874 2303 ³)
887 2236 976 2288 Potest
985 2240 1064 2288 etiem
1071 2239 1163 2302 fuisse

205 2317 232 2358 nt
249 2317 422 2374 consequatur
435 2325 490 2359 eam
505 2323 640 2376 quoiusque
655 2311 720 2362 uelit.
751 2309 818 2358 Ante
833 2309 925 2372 accipin
945 2309 972 2356 V
973 2305 994 2340 st
1003 2325 1057 2372 pro
1072 2311 1161 2373 accipit.

206 2377 227 2445 ⁴)
246 2379 317 2440 Quae
331 2383 398 2430 tecta
406 2380 475 2446 sunt,
485 2395 520 2429 ex
535 2379 562 2429 V
562 2376 583 2412 'i
589 2371 721 2444 praestiti,
736 2383 763 2428 in
774 2396 823 2444 qao
833 2387 917 2429 tamen
926 2386 1005 2429 antee
1014 2387 1054 2430 est
1063 2381 1162 2442 integrm

203 2450 230 2499 it.
239 2453 390 2514 iscriptum
396 2452 480 2514 fuisse
490 2453 571 2500 statui
584 2452 623 2515 qb.
639 2466 722 2501 omncs
737 2455 805 2500 actui
822 2465 858 2514 pr.
872 2453 888 2499 ιῑ
900 2451 996 2513 petitur.
1022 2450 1069 2499 Ite
1079 2451 1163 2516 quibus

204 2537 262 2570 enm
272 2529 411 2584 appareat,
426 2521 591 2586 Ziseopiiitum
605 2524 632 2571 in
647 2521 808 2572 minianu.
818 2523 885 2571 duas
894 2536 988 2570 causas
1002 2523 1163 2587 inimieorum

203 2593 377 2642 restitutionis
388 2595 491 2643 inverse
501 2593 593 2642 ordine
607 2595 736 2651 retulisse,
752 2594 779 2642 in
796 2592 856 2642 Gaii
865 2592 929 2642 Inst.
941 2599 1002 2656 post
1016 2593 1083 2642 daec
1095 2610 1118 2642 a.
1133 2605 1161 2643 tt.

202 2671 229 2712 et
243 2680 265 2712 u.
282 2675 316 2714 16.
334 2666 452 2727 priorem
465 2665 554 2728 spatii,
568 2665 715 2713 litterarum
729 2665 889 2728 reliquarum
907 2670 932 2712 et
949 2677 1041 2712 sensns
1066 2666 1162 2714 ratione

202 2733 302 2792 debita,
316 2737 355 2784 sie
367 2736 434 2799 sere,
449 2741 478 2784 ut
491 2735 630 2798 nuneseei,
640 2736 745 2784 restitui
754 2749 832 2798 posse
842 2735 997 2788 existimaui.
1050 2731 1072 2799 ⁶)
1082 2734 1162 2784 Etiam

203 2805 233 2852 a‘n
248 2805 305 2862 dae,
321 2821 395 2868 quum
407 2806 464 2868 feci
472 2807 505 2867 ᾖ,
515 2808 598 2868 plura
612 2813 636 2854 et
646 2806 761 2854 certiora
772 2820 850 2869 usque
860 2805 896 2854 ad
906 2805 1016 2868 finemp.
1029 2816 1077 2857 606.
1097 2805 1162 2854 dedit

207 2873 237 2922 V
238 2870 266 2932 ⁸2,
282 2890 331 2938 qao
343 2875 443 2938 facturn
457 2883 503 2934 est,
518 2879 738 2940 utsnppiementa,
753 2891 818 2940 quae
829 2883 905 2924 antea
919 2890 1010 2924 sensus
1020 2890 1102 2925 eausa
1114 2891 1161 2924 rna·

201 2946 273 2994 aime
283 2944 349 2998 Iust.
359 2945 552 2996 Institutionum
562 2963 609 3010 ope
620 2947 830 3010 informaverum,
841 2949 922 3010 paula
937 2947 1061 2996 mutanda
1075 2953 1160 2996 essent.

206 3014 300 3076 Quoad
313 3015 391 3066 uerba
405 3019 515 3066 maxime
530 3019 625 3066 incerti
637 3025 698 3067 sunt
711 3035 733 3066 u.
749 3029 775 3068 ss
790 3024 814 3066 et
828 3028 861 3067 ut.
914 3013 935 3079 6)
949 3031 988 3065 res
1007 3015 1035 3064 V
1036 3013 1065 3066 ⁸².

276 3190 302 3261 ξ.
318 3196 359 3244 53.
386 3195 424 3258 Cf.
440 3196 480 3256 ἐξ.
495 3204 529 3245 oc.
544 3205 577 3246 66.
593 3206 639 3246 uer.
659 3196 682 3256 ξ.
698 3206 731 3246 ss.
753 3193 774 3242 I.
789 3195 821 3243 de
836 3202 885 3244 aot.
902 3192 933 3258 (4,
948 3193 979 3257 o).
1004 3195 1081 3244 Pani.
1097 3208 1117 3253 1,
1130 3207 1159 3246 ro.

205 3265 228 3324 ξ.
245 3277 264 3313 1.
283 3263 394 3313 Consult.
409 3276 430 3322 5,
444 3278 463 3315 4.
481 3265 512 3312 L.
528 3265 598 3326 tfin.
613 3265 645 3312 J).
657 3265 759 3329 quando
774 3265 830 3314 dies
844 3265 942 3328 usussr.
953 3265 984 3328 (t,
998 3264 1030 3330 ³).
1048 3265 1093 3314 Pr.
1106 3266 1158 3315 Vat.

205 3344 239 3384 ee.
255 3345 288 3384 ss.
310 3333 396 3383 Haut.
412 3335 489 3385 Most.
504 3347 525 3392 s,
540 3347 560 3384 1.
576 3351 599 3383 a.
615 3347 661 3386 ιιι.
679 3335 730 3384 dte.
746 3335 778 3384 de
793 3337 844 3384 ino.
856 3347 920 3394 2,1s.
937 3337 964 3397 ,ἕ-
974 3346 1008 3387 nn.
1024 3336 1057 3386 de
1067 3344 1131 3386 orat.
1141 3351 1159 3394 1,

204 3415 239 3454 66.
255 3405 295 3464 §5-
306 3415 345 3454 166
354 3419 405 3468 seq.
421 3411 487 3455 orat.
495 3412 566 3467 part.
578 3416 611 3456 66.
627 3407 649 3466 ξ.
661 3417 694 3456 os.
706 3421 758 3469 pra
774 3405 850 3456 Itane.
868 3407 933 3456 Com.
944 3419 965 3456 t.
976 3408 1000 3468 ἕ.
1011 3420 1045 3458 11.
1061 3406 1158 3457 Sueten.

208 3473 296 3588 Otelrlid.
312 3485 345 3522 14.
368 3473 473 3533 Quintil.
489 3475 511 3524 I.
529 3473 557 3523 O.
572 3487 592 3532 s,
611 3487 632 3526 6.
652 3477 675 3536 ὅ.
690 3488 724 3528 69.
744 3475 833 3526 Senes.
849 3493 888 3541 ep.
903 3489 937 3528 48.
953 3479 976 3538 ξ.
993 3489 1026 3528 10.
1044 3478 1110 3528 Feot.
1124 3493 1158 3541 ep.

270 3544 314 3590 itis
323 3558 350 3604 p.
367 3557 412 3596 116.
