2464 3978
191 201 235 264 92
493 219 551 254 uun
569 219 661 254 lustru.
680 201 714 253 Π.
734 207 847 255 80-82.
880 255 885 259 ,

191 351 287 406 furiosi
307 357 418 406 curator
436 366 493 406 rem
512 349 609 406 furiosi
630 349 746 404 alienare
767 356 860 421 potest
881 364 913 403 ex
935 348 1001 422 lege
1016 363 1063 404 111
1078 347 1166 404 tabu·

190 434 291 497 larum:
318 435 382 490 item
404 443 568 507 procurator
588 433 656 488 'iure
678 432 767 501 ciuili,
790 437 794 498 Ι
815 436 897 488 euius
917 449 1038 504 persona
1063 433 1165 490 officia

189 519 310 575 muneris
326 520 423 574 ecdem
438 526 478 573 est
487 511 515 586 3¹
531 519 597 573 item
608 517 730 572 creditor
740 517 839 590 pignus
851 533 883 572 er
895 511 1052 589 pactiduc‚²
1062 533 1164 591 quam·
1176 523 1225 569 [litt

190 605 232 658 uis
248 605 306 658 eius
321 618 352 658 ea
368 617 481 657 resnou
496 603 541 662 sit.
578 602 625 657 sed
647 603 699 656 boc
719 600 834 656 forsitan
854 600 916 655 ideo
935 601 1065 656 uldeatur
1088 599 1165 672 lieri,

190 687 264 761 quod
280 687 422 742 uoluntate
437 685 568 742 debitoris
583 685 754 758 intellegitur
767 685 869 758 pignus
884 683 1006 755 alienari,
1028 687 1075 758 qui
1095 686 1166 742 olim

191 780 285 845 pactus
302 781 355 842 est,
370 778 402 825 ut
413 770 508 826 liceret
524 769 652 826 creditori
668 770 769 842 pignus
785 769 914 838 uendere,
932 770 955 823 si
971 771 1090 842 pecunia
1104 787 1164 825 uon

191 856 324 911 soluatur.

255 940 283 999 V,
307 941 340 988 lle
354 940 453 1004 pupillis
468 954 497 988 an
516 939 606 1002 aliquid
621 954 634 986 a
649 953 676 986 se
690 938 795 986 alienare
810 944 919 1000 possunt.
947 932 1001 992 80,
1018 937 1100 994 Nunc
1116 939 1164 993 ad-

190 1023 319 1078 mouendi
341 1040 444 1094 sumus,
468 1038 557 1096 neque
580 1021 705 1076 feminam
728 1037 818 1092 ueque
833 1020 963 1093 pupillam
979 1023 1040 1076 sine
1056 1025 1164 1078 tutoris

191 1108 353 1164 auctoritate
372 1123 431 1163 rem
446 1107 561 1180 mancipi
574 1105 692 1161 alienare
708 1121 805 1179 posse3
828 1119 879 1159 nec
898 1107 1016 1178 mancipi
1033 1121 1104 1161 uero
1122 1106 1164 1161 le-

190 1191 287 1246 miuam
308 1191 417 1265 quidem
438 1207 535 1264 posse,
561 1189 693 1263 pupilium
715 1205 771 1244 non
792 1205 883 1262 posse.
921 1185 967 1245 81.
990 1188 1116 1262 ltleoque
1138 1193 1163 1245 si

191 1275 299 1348 quando
315 1275 412 1332 mulier
426 1283 547 1330 mutuam
562 1275 706 1347 pecuniam
717 1273 796 1328 alicui
808 1275 867 1328 sinc
878 1275 980 1329 tutoris
992 1276 1164 1330 auctoritate

190 1359 306 1433 dederit,
322 1361 386 1433 quia
403 1359 536 1416 faciteam
552 1358 725 1431 accipientis,
746 1373 807 1412 cum
821 1357 927 1414 scilicet
947 1351 1100 1430 'pecunia3
1116 1375 1163 1414 res

190 1460 241 1499 nec
255 1446 370 1517 mancipi
385 1446 435 1514 sit,
454 1443 592 1500 contrahit
612 1441 816 1516 obligationem.
860 1437 909 1499 82.
931 1444 967 1497 At
988 1443 1013 1497 si
1035 1443 1163 1516 pupillus

190 1526 387 1598 lucrifecerit,
410 1530 472 1600 quia
495 1521 680 1603 (pecuniam)
703 1526 766 1580 'nou
784 1525 862 1598 facit
881 1528 1055 1600 accipientis
1063 1521 1090 1598 ‚⁴¹
1112 1527 1163 1582 sed

191 1613 322 1668 dominus
341 1605 469 1680 munet‚⁴¹
490 1610 596 1666 nullam
617 1610 762 1666 contrahit
783 1608 992 1684 obligationem:
1016 1611 1093 1666 unde
1111 1628 1163 1683 pu·

190 1696 273 1769 pillus
295 1695 431 1752 uindicare
452 1697 562 1771 quidem
575 1711 708 1750 nummos
729 1710 794 1748 suos
816 1700 924 1768 potest,
946 1693 1035 1750 sicubi
1051 1705 1163 1766 extent,

190 1780 216 1836 id
239 1789 282 1836 est
303 1797 351 1838 eos
362 1773 479 1853 petere5
501 1795 568 1835 snos
584 1795 616 1834 ex
630 1779 690 1834 iore
705 1777 850 1845 Quiritium
866 1774 1070 1847 esse;''mulicr
1086 1795 1163 1837 uera

187 1881 246 1936 per
252 1869 345 1922 mutui
356 1868 360 1931 Ι
374 1869 514 1922 actionem
528 1880 602 1919 areo
613 1867 771 1934 pecaniam
783 1871 908 1936 repetere
920 1871 1024 1940 potest,
1038 1863 1090 1919 seu
1102 1882 1163 1920 nou

190 1999 405 2008 *—

266 2064 285 2132 ¹)
310 2067 424 2117 Retectis
442 2067 579 2130 prioribus
607 2068 765 2116 coniecturis
790 2073 841 2114 tum
864 2082 919 2115 mea
943 2083 1019 2130 quam
1044 2069 1163 2116 eliorum

191 2137 250 2204 (Bq.
266 2139 305 2187 ed.
315 2149 336 2190 5.
351 2139 491 2202 Deraburq
507 2137 672 2201 Pfaadrecbt
685 2137 722 2185 II.
733 2153 761 2200 p.
773 2148 820 2194 169,
835 2137 927 2200 quidue
940 2154 1010 2186 nuuc
1027 2139 1163 2188 accedunt

191 2209 330 2276 Kriquau
337 2217 362 2259 et
370 2207 556 2274 Mommnana),
564 2223 673 2273 quarum
682 2211 779 2256 nullam
788 2223 844 2256 cum
854 2209 954 2256 codicia
961 2208 1086 2258 ductibus
1096 2225 1161 2259 con-

190 2283 291 2331 sociari
302 2295 380 2345 poree
394 2279 484 2330 Stdur
503 2287 624 2348 testatur,
644 2295 712 2328 nuuc
731 2281 759 2328 in
774 2279 823 2328 itae
842 2281 972 2342 acquievi,
993 2280 1091 2329 ductas
1110 2281 1138 2328 V
1138 2277 1163 2312 nt

191 2370 272 2418 anxie
291 2364 475 2434 subaequenta
495 2367 642 2416 Euarmum
658 2368 743 2430 fuisse
757 2374 839 2430 puta:
856 2367 928 2422 tclcur
948 2369 1026 2430 psallo
1047 2370 1161 2418 muneris

192 2439 249 2488 eade
264 2447 286 2489 i.
319 2438 399 2488 Gaias
413 2440 488 2488 addit
502 2440 553 2488 iure
569 2439 643 2500 ciuili,
658 2445 686 2486 at
700 2440 727 2487 ia
742 2445 864 2488 curatore
875 2439 976 2501 surio-ri
988 2454 1024 2486 ex
1038 2441 1096 2504 leqe
1113 2447 1165 2485 m

192 2509 252 2568 tab,
268 2512 295 2559 in
310 2511 440 2560 creditore
450 2517 565 2574 pactum,
580 2524 631 2558 uon
646 2509 721 2558 addit
734 2525 801 2568 rem,
821 2511 882 2572 quia
897 2509 1011 2572 officium
1021 2525 1160 2572 procura·

191 2583 257 2630 toris
272 2579 314 2646 (de
329 2597 377 2646 quo
393 2583 427 2645 es.
445 2579 506 2630 Gaii
520 2580 552 2628 L.
568 2592 601 2630 et.
617 2582 639 2640 ξ.
655 2591 675 2628 e.
691 2580 723 2628 D.
738 2579 855 2628 mandati
870 2591 903 2640 17,
919 2578 940 2645 t)
960 2581 996 2628 ad
1014 2596 1160 2644 quamcun-

191 2668 239 2716 que
253 2668 307 2702 rern
320 2660 439 2715 spectare
449 2659 543 2715 pateat.
572 2651 611 2699 De
625 2652 683 2713 ipsa
697 2652 824 2699 sententie
844 2651 878 2713 cf.
896 2649 947 2698 Cic.
959 2665 1012 2712 pro
1029 2651 1106 2700 Caec.
1122 2663 1160 2709 to,

191 2733 224 2773 ut.
240 2730 265 2771 et
282 2723 362 2772 Gaius
376 2723 408 2771 L.
424 2735 444 2773 a.
464 2725 487 2784 ξ.
502 2735 523 2772 4.
539 2723 571 2770 D.
587 2723 619 2770 de
633 2737 689 2785 aeq.
705 2737 757 2770 rer.
774 2722 838 2770 dom.
860 2719 909 2786 (41,
926 2720 957 2786 ι).
980 2737 1074 2770 munus
1094 2739 1160 2772 uero

191 2795 268 2842 etiarn
282 2793 381 2842 dieitur
394 2795 464 2842 uelut
477 2792 574 2841 arbitri
587 2808 622 2841 eac
636 2793 802 2852 conuentione
816 2794 915 2854 recepti
925 2791 957 2840 L.
968 2802 1002 2842 15.
1017 2791 1051 2839 D.
1066 2793 1101 2842 de
1115 2810 1159 2842 re-

192 2871 256 2926 cept.
273 2861 304 2927 (t,
318 2862 350 2929 8).
430 2860 450 2928 2)
466 2865 483 2910 i.
499 2879 520 2911 e.
532 2865 630 2928 piqnae
644 2865 812 2912 conuentione
826 2864 852 2910 ei
865 2863 960 2923 dutum,
975 2877 1027 2912 aaa
1042 2871 1158 2925 coptam.

193 2930 259 2999 ⁶)eu
274 2933 374 2996 pecunia
390 2934 447 2982 edd.
463 2934 498 2996 cf.
515 2931 620 2982 ‘Gaius'
632 2950 660 2997 p.
676 2945 709 2985 ³5.
762 2931 783 3000 ⁴)
800 2933 881 2982 Prius
894 2948 929 2982 ex
949 2933 975 2981 V
977 2928 998 2964 st
1012 2936 1055 2996 qi..
1066 2942 1158 2996 poste·

191 3006 249 3053 rias
263 3003 349 3068 (cuiue
363 3007 419 3054 loco
436 3002 503 3052 ‘siae
518 3005 603 3052 tutoris
618 3001 770 3054 auctoritate’
787 3005 826 3053 ed.
841 3001 927 3069 Stud.)
942 3019 976 3052 em
990 3019 1045 3052 mea
1061 3007 1097 3066 ci.

192 3071 213 3141 ὅ)
228 3074 272 3124 aa
292 3070 347 3123 ru.

190 3199 404 3208 -—-—--—--—

191 3272 269 3318 aliea.
285 3268 317 3335 (2,
332 3268 363 3336 8).
375 3270 410 3330 L.
426 3280 460 3321 29.
480 3269 512 3316 D.
525 3270 590 3332 sam.
605 3284 657 3316 ere.
674 3266 718 3332 (ιο,
734 3267 765 3334 e).
786 3268 817 3316 L.
833 3281 853 3320 o.
869 3270 892 3330 ἐ.
908 3281 928 3318 8.
948 3269 980 3316 D.
997 3283 1084 3318 comm.
1101 3271 1154 3320 diu.

190 3339 234 3404 (ιο,
250 3341 281 3406 3).
297 3341 328 3389 L.
343 3341 414 3398 4.,1).
430 3341 461 3389 de
472 3341 546 3404 piqu.
561 3346 612 3387 act.
629 3337 673 3402 (13,
689 3337 719 3403 t).
740 3339 771 3386 L.
787 3352 820 3389 14.
837 3341 859 3400 ξ.
874 3350 895 3390 5.
915 3339 947 3388 D.
962 3340 994 3388 de
1010 3340 1062 3388 diu.
1077 3348 1155 3404 temp.

190 3409 234 3475 (44,
249 3410 280 3476 a).
346 3407 372 3478 §-
388 3414 430 3462 80.
452 3411 490 3474 Cf.
506 3424 526 3467 1,
541 3421 588 3460 me.
608 3420 629 3465 2,
642 3419 677 3458 ar.
692 3420 726 3459 eu.
750 3409 805 3472 Uip.
826 3425 860 3468 11,
880 3421 913 3460 rr.
936 3409 979 3458 Fr.
1000 3410 1057 3458 Vat.
1081 3425 1102 3460 1.
1116 3425 1154 3462 45.

189 3481 221 3528 L.
237 3493 257 3531 9.
278 3482 309 3530 D.
325 3483 356 3530 de
372 3488 439 3530 auct.
455 3489 501 3529 tat.
517 3478 561 3544 (28,
576 3478 608 3544 8).
662 3474 686 3545 ξ.
703 3482 744 3529 82.
767 3480 805 3543 Cf.
821 3483 842 3542 §-
858 3493 878 3530 2.
895 3481 916 3528 I.
932 3480 998 3544 quib.
1015 3482 1092 3529 alien.
1108 3485 1153 3533 lic.

190 3549 266 3615 (us).
