2464 3978
188 153 250 217 136
467 123 636 208 5111122212.
656 153 689 208 ΙΙ.
710 160 858 209 itt-277.

186 303 253 360 oillis
269 302 386 376 relinqui
402 310 503 376 potest.
540 298 604 360 271.
620 301 686 358 ltcrn
703 321 717 358 o
732 302 863 376 legatario
878 302 965 376 legari
976 319 1033 360 ιιοιι
1048 313 1157 377 potest,

186 387 234 443 sed
252 385 486 444 fideicommissum
502 386 620 459 relinqui
635 394 738 460 potest.
768 389 832 460 quin
844 388 923 442 etiam
935 386 968 443 ab
980 404 1014 443 eo
1028 405 1157 461 quoquc,

168 473 229 528 -oui
245 489 294 544 por
309 469 545 528 fideicommissum
561 471 754 544 relinquimus,
776 488 871 528 rursus
887 471 934 528 alii
948 489 997 545 per
1013 470 1158 528 fideicom-

187 558 298 612 missum
313 557 469 630 relinquere
484 571 640 629 possumus.
673 551 739 613 272.
763 555 828 611 ltern
844 571 926 611 seruo
940 555 1031 612 alieno
1047 555 1158 616 directo

187 641 297 698 libertas
324 641 381 698 clari
410 656 465 696 non
493 648 603 713 potest,
631 639 679 696 scd
708 657 757 714 per
785 639 1025 696 fideicommissum
1050 649 1157 714 potest.

186 721 252 784 273.
277 725 343 782 ltern
359 724 490 782 codicillis
505 741 585 780 uerno
603 725 683 780 heres
698 726 806 780 institui
821 733 913 797 potest
932 725 1024 797 neque
1041 725 1158 781 exlrcre·

188 809 257 878 dari,
283 811 408 882 quemuis
434 817 596 866 testamento
618 807 864 876 confirmatisin13
886 817 913 864 at
935 810 973 873 is,
999 811 1048 882 qui
1072 817 1157 864 testa·

189 903 280 952 merito
304 894 384 950 heres
408 895 549 950 institutus
573 901 625 962 est,
648 901 740 966 potest
762 892 893 950 codicillis
908 895 1016 966 rogari,
1042 903 1074 949 ut
1097 909 1156 949 erm

190 977 368 1034 hereditatem
391 977 435 1034 olii
457 985 542 1034 totam
560 977 603 1032 uel
627 994 659 1032 er
675 985 751 1050 parte
766 978 903 1045 restituat,
927 979 1056 1050 quamuis
1071 987 1156 1034 testa-

110 1062 179 1111 ¹124.
190 1071 282 1120 mento
311 1061 427 1118 codicilli
452 1060 608 1118 certiorati
636 1079 691 1118 uon
719 1063 783 1118 sint.
814 1057 818 1137 Ι
849 1058 916 1118 274.
945 1061 1014 1117 iterii
1045 1062 1155 1133 mulier,

190 1163 263 1220 quae
286 1144 318 1202 ab
341 1161 390 1217 eo,
413 1147 460 1218 qui
482 1154 589 1202 centum
605 1146 676 1202 milia
699 1140 770 1202 a'eris
791 1163 889 1202 census
912 1155 971 1217 cst,
992 1162 1043 1219 per
1065 1146 1154 1220 legem

190 1230 337 1288 Voconiam
352 1230 445 1286 ’lieres
460 1231 588 1287 instituta
611 1223 739 1302 capera¹
761 1247 816 1286 nou
837 1239 945 1304 potest,
970 1238 1062 1286 tamen
1079 1229 1154 1286 lidel-
1166 1237 1214 1288 [²⁰51

191 1317 335 1372 commisso
352 1314 472 1372 relictam
489 1313 539 1370 sibi
555 1314 732 1371 hereditatem
749 1331 844 1388 capere
865 1323 968 1388 potest.
1014 1309 1080 1372 275.
1105 1313 1154 1370 ta-

192 1401 241 1456 tini
256 1417 382 1473 quoque,
404 1400 451 1472 qui
466 1398 631 1456 hereditates
646 1399 790 1473 legataque
805 1398 910 1455 directo
926 1400 985 1455 iure
1001 1399 1065 1472 loge
1079 1400 1156 1454 lunia

192 1499 287 1556 cepere
303 1484 496 1556 proiciantur,
521 1499 552 1539 ex
576 1477 784 1540 fideicominisso
800 1499 897 1557 capere
912 1493 1040 1556 possunt.
1084 1479 1153 1540 276.

191 1568 257 1624 Item
279 1585 339 1623 cunr
358 1576 468 1622 senatus
489 1566 616 1623 consulto
637 1566 802 1641 prohibitum
818 1569 854 1623 sit
878 1569 1020 1641 proprium
1043 1583 1155 1622 seruum

192 1653 323 1708 minorem
339 1653 415 1707 arnis
430 1669 493 1709 xxx
507 1650 622 1707 liberum
638 1661 666 1708 et
681 1651 808 1708 herodem
831 1653 990 1722 instituere,
1014 1652 1155 1725 plerisque

193 1737 296 1811 placet,
318 1754 400 1812 posse
422 1753 472 1792 nos
495 1735 588 1792 iubere
610 1735 723 1792 liberum
747 1753 823 1808 esse,
852 1752 1069 1792 comannorum
1092 1755 1156 1792 xxx

193 1823 256 1892 erit,
279 1830 306 1877 et
321 1832 436 1897 rogaro,
458 1830 489 1876 ut
505 1830 570 1878 tono
585 1821 623 1876 illi
639 1822 799 1876 restituatur
814 1821 958 1880 hereditas.
1004 1816 1066 1879 277.
1087 1820 1155 1876 item

194 1907 318 1977 quorriuis
334 1923 390 1961 non
407 1900 579 1980 (possimus)
596 1915 660 1978 post
682 1915 798 1962 mortem
813 1907 886 1974 eius,
911 1905 956 1978 qui
972 1904 1052 1961 nobis
1074 1906 1156 1960 heres

268 2087 288 2158 ¹)
302 2091 362 2140 hdes
377 2091 494 2139 institutio
504 2090 596 2141 Scled.
612 2090 637 2157 (ο
648 2093 675 2140 ia
691 2088 739 2140 1²⁸t
748 2089 890 2156 expuncta)
900 2091 971 2140 heres
983 2091 1077 2141 institui
1087 2093 1156 2150 edd„

193 2163 317 2227 quomado
335 2179 398 2212 sane
417 2169 536 2212 oratores
556 2163 587 2212 de
607 2162 747 2227 capacibus
767 2163 857 2212 dicuat
879 2160 984 2221 Quintil.
1006 2161 1029 2211 I.
1051 2162 1082 2213 0.
1099 2176 1120 2226 e,
1133 2176 1154 2214 2.

193 2236 207 2296 5
232 2246 264 2285 74.
290 2234 349 2283 Via.
367 2229 472 2283 ‘Gaias’
486 2249 513 2296 p.
529 2245 563 2284 52.
583 2235 681 2282 heredis
696 2233 846 2284 institutione
865 2231 979 2299 (capere)
996 2235 1156 2284 ed.mea1.:

194 2305 263 2369 qaod
275 2307 340 2356 satis
354 2305 450 2354 Latine
465 2305 520 2353 dici
533 2312 603 2354 recte
618 2306 720 2369 neyavit
738 2303 786 2369 By.
802 2305 841 2354 ed.
856 2316 877 2356 5.
905 2303 960 2353 Iam
976 2312 1056 2367 peto,
1075 2305 1155 2354 libra-

194 2377 261 2424 riam
276 2392 332 2425 cant
347 2379 459 2426 rotomi
476 2371 520 2441 (=
535 2374 632 2441 cepere)
648 2375 722 2434 libri,
734 2375 810 2424 'ande
825 2373 999 2433 describebat,
1015 2391 1066 2425 aon
1082 2378 1156 2425 intel-

195 2448 290 2510 legeret
306 2445 468 2512 (pleramque
483 2448 548 2495 caim
563 2453 661 2495 tantam
675 2461 704 2495 uc
719 2447 786 2495 valet
796 2443 939 2511 usucapere)
950 2443 1050 2509 fecisse
1060 2462 1073 2496 o
1085 2448 1157 2496 inde·

195 2533 243 2581 que
258 2517 334 2566 ctiam
348 2525 425 2567 antea
440 2533 453 2566 a
468 2525 578 2566 nanterre
593 2519 620 2566 in
635 2519 651 2575 i,
666 2533 679 2566 r
693 2519 720 2566 in
735 2517 757 2565 tl.

265 2655 289 2726 §-
306 2661 366 2710 271.
392 2659 430 2722 Os.
451 2661 490 2721 §§.
510 2671 556 2710 255.
577 2672 624 2710 1or.
653 2657 707 2721 Uip.
728 2669 762 2717 24,
781 2669 814 2708 25.
839 2657 909 2720 Epic.
926 2659 941 2705 l.
958 2673 981 2706 c.
1003 2660 1026 2720 ς.
1043 2671 1063 2708 1.
1087 2659 1111 2708 Ι.
1126 2661 1157 2710 de

195 2731 262 2791 sina.
279 2729 331 2778 reb.
348 2728 378 2794 (2,
394 2727 453 2794 24)·
519 2768 524 2778 .
540 2733 600 2782 272.
622 2730 660 2792 Cf.
676 2728 746 2792 Epir.
763 2732 777 2778 l.
795 2745 816 2778 c.
832 2731 871 2790 ἓξ.
886 2739 933 2779 254.
948 2739 995 2780 257.
1013 2731 1036 2790 ἓ.
1051 2741 1071 2778 2.
1086 2730 1111 2778 Ι.
1127 2733 1156 2780 de

195 2801 262 2861 ciny-
278 2799 331 2853 reb.
347 2801 377 2864 (2,
393 2799 437 2864 24).
518 2838 523 2848 .
540 2803 599 2852 273.
622 2801 660 2863 Cf.
681 2799 835 2863 Ulp.25,11.
856 2798 925 2862 Epic.
942 2801 957 2848 l.
974 2815 996 2848 c.
1014 2801 1036 2860 ἓ.
1052 2813 1071 2850 2.
1087 2801 1111 2850 Ι.
1126 2804 1156 2851 de

197 2870 279 2919 codic.
296 2869 326 2935 (2,
341 2869 385 2936 25).
401 2871 423 2930 ξ.
439 2881 473 2922 1ο.
510 2869 741 2934 .descoa.ltercd.
758 2868 793 2935 (2,
813 2869 858 2936 23).
923 2865 949 2937 ξ.
965 2872 1026 2920 274.
1049 2871 1086 2933 Cf.
1105 2873 1154 2922 Cic.
1217 2887 1218 2898 ¹

201 2939 278 2990 Verr.
293 2951 313 2998 2,
329 2955 348 2991 1.
365 2957 387 2989 c.
401 2951 435 2990 42.
460 2957 516 2990 cant
534 2940 620 2992 Soloi.
640 2941 679 2990 ed.
694 2939 764 2990 Bait.
776 2957 804 3004 p.
820 2953 866 2992 155.
887 2941 919 2990 de
933 2949 1028 2990 renect.
1043 2953 1064 2992 5.
1083 2945 1107 3004 §-
1124 2957 1155 2994 rt.

196 3012 228 3061 de
244 3012 291 3076 lea.
306 3022 327 3070 2,
341 3023 367 3062 25
382 3026 433 3075 req.
453 3013 484 3061 de
499 3028 554 3076 rep.
569 3024 590 3070 5,
606 3025 639 3063 15.
659 3013 748 3075 defin.
763 3023 828 3070 2,17.
844 3014 867 3074 §-
878 3023 912 3062 55.
932 3012 983 3061 Dio
996 3012 1112 3073 Carcoe,
1123 3027 1154 3066 15.
1217 3043 1218 3048 =

199 3081 305 3142 Quintil.
323 3083 388 3132 decl.
404 3093 451 3133 254.
473 3082 541 3132 Plio.
558 3099 654 3148 paneg.
668 3095 702 3134 42.
723 3083 781 3132 Lio.
801 3099 840 3146 ep.
854 3095 889 3132 41.
919 3081 982 3131 treet.
998 3094 1066 3141 7,15.
1086 3097 1120 3145 17,
1133 3099 1153 3137 a.

196 3166 230 3214 25,
246 3166 265 3204 1.
286 3153 424 3219 Angustia.
440 3153 472 3202 dc
487 3156 535 3203 cio.
555 3155 587 3202 1).
596 3166 623 3212 a,
638 3165 672 3203 21.
694 3153 828 3202 Plutarch.
846 3154 897 3202 Cic.
912 3166 947 3204 41.
968 3153 1058 3218 Polyb.
1072 3167 1107 3213 32,
1121 3170 1153 3207 14.

197 3219 222 3292 5.
238 3227 297 3274 275.
319 3225 357 3288 Of.
378 3223 433 3287 Iltp.
448 3235 482 3283 25,
499 3237 518 3276 ι.
534 3236 568 3283 22,
583 3237 603 3275 o.
624 3240 704 3287 supra
719 3237 740 3282 1,
755 3235 781 3275 aa
795 3239 847 3288 req.
867 3224 899 3272 L.
915 3236 941 3274 1e
952 3239 996 3287 pr.
1017 3224 1049 3273 D.
1064 3225 1095 3273 de
1109 3235 1152 3275 55.

198 3310 253 3343 car.
270 3293 314 3358 (25,
329 3294 359 3360 5).
411 3291 428 3362 ᾗ
453 3299 512 3346 275.
535 3295 573 3357 Os.
593 3295 648 3358 Uip.
664 3306 698 3353 22,
713 3308 733 3346 2.
753 3295 785 3344 L.
795 3305 829 3346 ee.
849 3295 882 3344 D.
894 3295 925 3344 de
935 3294 988 3344 reb.
1000 3295 1058 3354 duo.
1068 3294 1112 3360 (14,
1122 3297 1152 3362 a).

197 3365 229 3412 L.
244 3377 278 3416 55.
293 3377 327 3416 45.
352 3366 384 3414 Ι).
405 3366 436 3414 dc
456 3381 522 3414 aaran.
542 3372 597 3414 test.
618 3364 662 3430 (45,
681 3363 713 3429 4).
737 3366 769 3414 L.
789 3377 823 3416 15.
842 3368 865 3428 ξ.
880 3377 901 3416 5.
926 3366 958 3414 1).
978 3366 1011 3414 de
1029 3373 1095 3415 statu
1110 3369 1151 3418 tto.

198 3433 243 3498 (45,
258 3434 288 3500 7).
309 3435 341 3484 L.
356 3447 390 3486 55.
405 3437 428 3496 §-
442 3447 463 3486 2.
483 3436 515 3484 Ι).
528 3436 592 3498 sana.
607 3449 661 3484 erc.
677 3434 721 3499 (15,
732 3435 755 3501 2)
771 3443 796 3484 et
810 3435 852 3485 lib.
868 3451 949 3485 aream
964 3433 1069 3486 ‘Gaias'
1079 3454 1107 3501 p.
1118 3451 1151 3490 55,

198 3499 224 3571 ἦ.
240 3507 300 3555 277.
322 3505 360 3567 Cf.
376 3504 446 3567 Epit.
461 3516 482 3564 2,
498 3518 518 3556 7.
533 3508 556 3567 ξ.
572 3517 592 3556 ε.
612 3507 792 3567 5552551224.
808 3514 833 3555 et
842 3523 870 3570 p.
886 3519 932 3558 275.
949 3514 1000 3556 not.
1016 3518 1036 3557 5.
