2464 3978
192 170 259 236 152
489 187 546 224 eon
565 188 657 241 meren.
676 170 724 226 ΙΙΙ.
744 175 858 250 52-5q.

195 329 270 376 ratae
285 318 329 376 lex
344 319 424 393 Papia
439 327 578 394 praestat:
595 321 693 394 itaque
708 321 731 376 si
747 335 836 394 neque
857 321 915 400 ipsa
935 327 1053 394 patrona
1075 335 1173 394 neque

194 403 293 466 liberta
308 407 405 478 cupite
420 395 609 480 diminutasit,
626 419 659 460 er
670 403 732 483 lege
742 420 789 482 reu
802 393 954 463 tabularum
966 403 999 482 ad
1011 419 1074 460 eam
1087 404 1171 460 bere·

195 483 266 556 ditas
282 489 416 562 pertinet,
437 497 464 545 et
482 481 668 569 ¹erclr'tduntur
689 487 803 546 libertae
817 487 917 565 ¹liberi3
939 488 1014 566 quod
1037 488 1112 544 iuris
1129 498 1170 560 est

195 573 278 629 etiam
302 573 324 628 si
345 571 437 628 liberis
459 571 593 630 honorata
615 573 725 631 nonsit
750 581 877 648 patrona:
902 588 1057 646 ,numquam
1083 575 1173 646 enim,

198 659 271 726 sicut
286 665 368 732 sopra
384 655 513 726 diximus,
536 656 651 720 deminae
667 673 746 736 suurn
761 647 896 722 heredem
912 655 1014 714 habere
1030 667 1173 732 possunt:

198 741 222 798 si
238 757 305 796 uero
318 740 363 796 uel
375 741 455 800 liuius
468 741 513 798 uel
525 740 599 798 illius
611 741 704 821 capitis
718 739 868 814 deminutio
880 742 1055 811 interueniat,
1068 758 1170 799 rursus

198 823 277 881 liberi
291 824 405 883 libertae
421 823 568 884 excludunt
584 833 740 900 patronam,
763 827 825 898 quia
840 825 964 900 legitimo
980 826 1042 904 iure
1059 830 1172 898 eapitis

198 910 377 967 diminutione
396 917 543 983 perempto
565 911 672 988 euenit,
699 917 729 978 ut
748 908 827 966 liberi
852 909 967 968 libertae
989 912 1168 984 cognationis

197 995 258 1050 iure
281 993 404 1066 potiores
426 992 589 1068 habeantur.s
630 988 677 1057 52.
702 993 767 1072 Cum
788 1002 877 1052 autem
899 1001 1069 1050 testamento
1088 994 1168 1070 ‘lacto

196 1077 315 1134 moritur
330 1075 436 1150 liberta,
453 1095 485 1134 ea
501 1077 608 1154 quidem
624 1085 748 1152 patrona,
765 1095 833 1152 quae
847 1077 940 1136 tiberis
954 1079 1096 1136 honorata
1111 1095 1167 1134 non

193 1169 254 1232 est,
277 1161 351 1242 ”llll
364 1161 429 1218 iuris
452 1161 532 1226 habet
553 1171 647 1218 eontra
667 1161 782 1222 libertae
804 1170 1012 1226 testamentum
1033 1167 1062 1220 ei
1086 1179 1166 1230 uero,

198 1261 268 1319 quae
284 1244 375 1302 liberis
391 1245 523 1316 honorata
539 1249 586 1314 sir,
601 1247 654 1304 boo
669 1248 711 1302 ius
728 1245 855 1307 tribuitur
871 1263 920 1320 per
935 1247 1027 1320 legem
1037 1247 1165 1322 *Papiam

194 1329 269 1404 quod
287 1328 368 1401 habat
384 1346 416 1386 ex
432 1330 520 1402 edicto
537 1340 668 1404 patronus
684 1339 779 1408 eontra
794 1331 897 1388 tabulas
915 1331 1017 1388 liberti.

259 1410 307 1472 58.
337 1407 434 1470 Eadem
456 1415 666 1488 ler'patruuae
688 1413 743 1474 lilio
767 1410 858 1474 lib‘eris
882 1409 1038 1474 bonorato¹
1062 1434 1115 1474 e*
1128 1408 1221 1474 *Ἢ

112 1513 178 1563 140,
195 1499 303 1571 patroni
327 1499 385 1554 iura
409 1491 498 1574 dedit'3
523 1499 571 1579 sed
594 1501 622 1556 in
644 1499 725 1556 huius
748 1491 863 1572 persona
886 1501 965 1559 etiarn
987 1502 1070 1560 unius
1090 1501 1096 1570 Ι
1117 1499 1164 1556 lilii

192 1580 299 1638 filiaeue
315 1583 357 1638 ius
373 1579 484 1640 suffieit.
583 1629 585 1632 .

257 1660 306 1724 54.
330 1656 467 1726 Hactenus
492 1669 580 1726 omnia
602 1660 708 1746 ’totali
728 1671 786 1724 iura
809 1665 950 1744 quasi'per
964 1669 1082 1726 indicem
1100 1672 1160 1726 teti·

192 1752 268 1826 gisse
294 1751 360 1828 satis
388 1759 438 1808 est.
482 1752 603 1826 alioquin
631 1752 790 1826 diligentior
819 1755 1009 1828 interpretatio
1039 1756 1161 1828 propriis

192 1836 394 1892 commentariis
409 1838 532 1910 exposita
548 1829 616 1892 est.l

256 1909 304 1988 55.
328 1917 469 1992 Sequitur,
494 1929 524 1978 ut
547 1919 580 1976 de
597 1920 675 1977 bonis
691 1920 848 1992 Latinorum
864 1921 1054 1981 libertinorum
1074 1923 1159 1997 dispi-

192 2004 307 2060 ciamus.
344 1999 394 2060 56.
418 2002 491 2072 Quae
506 2021 568 2080 pars
584 2006 650 2061 iuris
666 2015 697 2064 ut
717 1999 894 2064 manifestior
908 2004 975 2078 fiat,
997 2006 1158 2080 admonendi

126 2151 128 2156 ,
191 2101 300 2158 sumus,
316 2086 342 2142 id
359 2087 432 2160 quod
448 2089 500 2146 alio
515 2090 576 2145 loco
593 2089 717 2153 diximus,
733 2107 792 2161 eos,
809 2092 854 2164 qui
870 2089 1041 2146 nunobatini
1056 2091 1158 2148 luniani

191 2170 338 2242 dicuntur,
362 2171 425 2228 olim
449 2189 481 2228 ex
502 2175 561 2229 iure
583 2171 726 2240 Quiritium
749 2191 845 2230 seruos
860 2174 960 2246 luisse,
974 2175 1031 2230 sed
1057 2175 1157 2236 auxilio

191 2257 330 2330 praetoris
353 2257 380 2312 in
404 2256 536 2314 libertatis
553 2257 639 2314 lorrna
660 2259 763 2316 seruari
779 2259 890 2329 solitos;
917 2259 989 2316 unde
1010 2261 1090 2316 etiam
1112 2277 1156 2316 res

192 2355 291 2396 eorum
313 2341 414 2414 peculii
434 2343 492 2398 iure
514 2341 546 2400 ad
572 2352 703 2418 patronos
721 2343 859 2418 pertinere
880 2343 959 2402 solita
981 2353 1038 2400 est:
1061 2351 1154 2418 postea

192 2439 261 2480 uero
284 2441 334 2498 per
348 2425 438 2499 legero
453 2425 555 2485 luniam
571 2443 619 2484 eos
635 2443 746 2499 omues,
768 2421 837 2501 quos
859 2435 969 2502 praetor
988 2429 1016 2484 in
1031 2427 1156 2486 libertate

192 2507 332 2580 tuebatur,
348 2508 450 2566 liberos
463 2527 523 2568 esse
535 2513 657 2586 coepisse
670 2520 697 2568 et
709 2511 858 2586 appellatos
873 2529 933 2568 esse
944 2511 1055 2568 Latinos
1066 2513 1153 2570 lunia-

268 2711 288 2781 1)
303 2713 349 2766 Sia
365 2716 390 2765 V
393 2711 413 2747 'l
423 2731 458 2766 ex
472 2717 599 2768 relatione
609 2717 729 2782 Krdyeri
738 2715 810 2782 (lenit.
823 2717 955 2766 Verrucio
960 2733 989 2780 p.
999 2715 1056 2784 ree),
1066 2725 1094 2766 ut
1103 2720 1153 2768 ione

190 2785 318 2834 lectiones
328 2787 407 2849 prius
422 2793 534 2838 tentatae
545 2789 692 2850 concidant.
745 2785 767 2853 ²)
779 2803 819 2856 ere
836 2788 863 2836 V
864 2784 885 2820 ⁸²
894 2789 944 2836 lere
959 2791 992 2851 ej.
1003 2787 1053 2840 Kr.
1062 2788 1152 2838 Malim

190 2869 243 2918 rape
258 2852 377 2922 (prope):
393 2859 445 2906 uiri
460 2857 532 2922 forte
548 2860 616 2922 fuit:
635 2853 942 2922 deorumdeorum,
962 2860 1032 2923 quod
1044 2861 1151 2910 maxine
1179 2857 1186 2873 ⁸

185 2928 291 2990 placet,
307 2942 364 2976 cum
378 2935 403 2977 et
417 2943 430 2976 o
446 2930 600 2980 antecedens
619 2932 746 2980 incertum
764 2932 799 2982 sit
818 2937 843 2979 et
860 2936 985 2994 aequatur
1004 2930 1047 2980 lilii
1060 2931 1150 2980 filiaeue

187 2997 236 3046 ius.
290 2993 311 3064 8)
328 2997 431 3050 Addidi
452 2995 558 3050 ‘Gaius'
574 3017 602 3064 p.
617 3011 651 3062 58.
681 2998 789 3053 ‘ciuium
809 2997 993 3052 Romanorum’
1014 3001 1053 3084 §d
1066 3000 1114 3066 89.
1126 3013 1149 3053 5.

187 3068 258 3132 quod
271 3083 323 3118 non
337 3069 429 3120 addito
449 3066 622 3122 ‘libertorum'
635 3087 723 3137 perse
733 3073 862 3136 displicet.
914 3068 935 3138 ⁴)
949 3071 1071 3137 Sequetur
1080 3075 1149 3122 linea

184 3154 276 3188 vacua.

170 3349 179 3364 -1
259 3311 343 3384 §.52
369 3315 407 3378 Cf.
427 3328 462 3368 or.
491 3317 546 3382 tltp.
566 3329 605 3380 ne,
627 3330 650 3370 r.v
711 3315 737 3388 ξ.
753 3320 796 3370 53.
823 3319 861 3383 Cf.
877 3319 908 3368 L.
925 3330 957 3370 ro.
971 3330 999 3370 es
1009 3335 1052 3383 pr.
1068 3319 1100 3371 Ι).
1114 3323 1146 3371 de

188 3383 244 3433 bon.
261 3385 304 3432 tib.
322 3383 366 3450 (os,
381 3384 413 3450 a).
466 3383 492 3455 ξ.
507 3391 550 3439 56.
572 3389 610 3453 Cf.
626 3402 647 3447 1,
662 3400 696 3440 22.
712 3402 759 3441 rer.
779 3391 802 3452 §-
812 3403 833 3440 4.
849 3389 871 3438 I.
886 3390 918 3439 de
931 3405 1002 3440 suec.
1018 3389 1058 3440 tib.
1068 3387 1103 3456 (a,
1114 3392 1144 3458 r).

190 3454 235 3502 Fr.
251 3455 353 3504 Dositlt.
369 3466 388 3506 o.
405 3468 424 3507 6.
449 3456 504 3522 Ulp.
521 3471 590 3517 1,10.
615 3459 647 3508 L.
663 3476 706 3509 un.
717 3476 762 3529 pr.
780 3460 805 3510 0.
822 3462 853 3511 de
868 3459 927 3510 Lat.
943 3460 986 3510 lib.
1002 3463 1055 3511 toll.
1069 3459 1096 3526 (t,
1111 3463 1133 3530 6)
1187 3481 1190 3488 ⁴

189 3527 268 3587 rleque
284 3525 325 3576 lib.
341 3525 392 3574 Lat.
408 3525 467 3591 ete]
484 3529 518 3591 of.
535 3528 566 3576 L.
584 3529 656 3580 Hau.
671 3529 743 3594 Solp.
759 3547 781 3582 c.
797 3543 830 3584 23.
