2470 3972
390 225 449 261 nan
467 227 559 262 marm.
579 208 627 263 IV.
647 215 726 264 5-9.
825 289 829 296 ι
972 209 1036 276 199

63 356 205 412 discretis
220 355 380 424 actionibus,
397 365 500 412 certum
516 364 567 428 est,
584 373 639 412 non
650 373 732 431 posse
744 374 794 413 nos
806 373 861 414 rem
873 368 993 416 nostram
1005 361 1037 418 ab

64 441 122 497 alio
140 443 184 497 ita
201 447 309 514 petere:
332 455 361 497 sr
382 457 485 498 rnnur
503 457 569 500 nvn
589 457 672 498 pann
696 457 875 518 oportunam
900 460 951 500 nec
965 447 1037 501 enim

9 533 52 581 itt]
65 525 147 598 quod
165 532 296 580 nostrum
311 532 363 592 cst,
379 524 457 581 nobis
472 525 530 587 dari
540 531 642 599 potest,
659 542 720 581 cum
731 525 834 583 scilicet
848 527 874 582 id
890 527 948 584 dari
959 529 1037 585 nobis

65 608 266 682 intellegatur,
282 609 355 682 quod
372 607 422 684 (ito
438 612 537 682 datur,
552 605 597 684 ut)
613 619 737 666 nostrum
753 609 816 678 detq
832 627 882 668 nec
897 629 950 682 res,
968 629 1037 686 quae

65 701 178 750 nostra
196 696 253 750 iam
269 701 321 762 est,
334 701 426 749 nostra
439 693 553 766 amplius
566 691 623 749 lieri
638 701 739 766 potest.
769 695 847 768 plane
860 696 922 752 odio
935 696 1038 768 lurum,

66 795 125 852 quo
151 777 245 850 magis
266 775 390 850 pluribus
413 777 565 834 actionibus
589 786 747 849 tencantur,
779 779 903 836 ellectum
926 789 985 852 est,
1008 792 1039 838 ut

67 869 149 917 extra
182 877 297 934 poenam
326 861 401 934 dupli
429 871 475 918 aut
505 861 649 936 quadrupli
677 863 717 918 rei
739 863 906 937 recipiendae
929 867 1037 922 nomine

64 945 146 1001 iures
172 943 265 1001 'etiam
288 945 337 1001 bac
359 937 482 1002 actione¹
506 955 663 1003 teneantur:
689 961 718 1004 s1
739 965 842 1004 ranna
866 963 927 1005 nos
950 966 1037 1008 nanu

66 1045 261 1099 oportunam,
283 1031 405 1102 quamuis
427 1032 463 1086 sit
479 1032 558 1086 etiam
574 1029 705 1087 aduersus
728 1047 776 1088 eos
791 1033 858 1088 haec
873 1035 961 1106 actio,
985 1052 1037 1108 qua

65 1131 126 1170 rem
143 1123 271 1169 nostram
286 1129 347 1169 esse
362 1117 489 1186 petimus.
522 1112 548 1170 b.
565 1113 744 1188 Appellantur
758 1125 847 1173 autem
863 1119 890 1173 iu
905 1133 962 1174 rem
978 1121 1037 1193 qui·

67 1198 132 1253 dem
150 1199 275 1254 actiones
291 1197 498 1269 uindicationes,
511 1201 538 1254 in
555 1215 697 1272 personam
713 1216 780 1256 uero
792 1203 924 1274 actiones,
937 1203 1037 1274 quibus

67 1275 161 1338 'dari²
179 1281 274 1338 fierine
290 1291 419 1356 oportere
434 1283 608 1354 intendimus,
626 1283 820 1340 condictiones.

135 1361 169 1423 θ.
193 1367 305 1438 Agimus
321 1371 411 1422 autern
426 1367 572 1438 interdum,
590 1376 620 1422 ut
634 1383 690 1422 rem
702 1376 807 1423 tantum
817 1362 1035 1447 conlsequamur,
1049 1387 1114 1436 190..

68 1450 215 1507 interdum
231 1455 262 1506 nt
277 1467 390 1524 poenam
406 1459 518 1520 tantum,
536 1451 600 1506 alias
616 1460 718 1507 utrem
734 1461 761 1508 et
776 1469 900 1526 poenam.
929 1450 955 1510 7.
974 1455 1037 1510 Rem

69 1543 183 1590 tantum
201 1537 389 1608 persequimur
404 1535 480 1591 uelut
496 1536 647 1591 actionibus
663 1551 693 1590 ex
717 1531 886 1594 contractu.³
920 1535 948 1598 8.
972 1538 1039 1596 Poe·

71 1635 135 1674 nam
151 1627 260 1674 tantum
273 1613 493 1692 persequimur-4
508 1619 585 1675 uelut
600 1621 705 1676 actione
722 1621 786 1677 furti
802 1629 830 1677 ct
841 1623 998 1679 iniuriarum
1011 1633 1038 1680 et

70 1703 227 1758 secundum
248 1704 416 1775 quorundam
439 1705 594 1776 opinionem
616 1708 721 1760 actione
743 1707 769 1759 ui
792 1705 926 1761 bonorum
946 1715 1037 1780 rapto·

71 1801 151 1843 rum:
170 1803 233 1843 nam
248 1788 333 1860 ipsius
349 1789 388 1842 rei
404 1797 431 1843 et
447 1787 593 1844 uindicatio
609 1795 636 1842 et
652 1787 788 1844 condictio
810 1787 887 1844 nobis
903 1793 1036 1865 conpetit.

71 1869 102 1928 9.
126 1869 197 1926 Rem
214 1888 281 1927 uero
297 1881 324 1926 ct
339 1889 453 1945 poenam
468 1873 657 1945 persequimur
673 1871 749 1927 uelut
769 1889 801 1928 ex
821 1873 864 1928 liis
879 1877 984 1944 causis,
1006 1891 1037 1932 ex

73 1953 178 2028 quibus
195 1958 325 2011 aduersus
341 1955 499 2031 infitiantem
523 1957 550 2010 in
571 1955 683 2030 duplum
703 1957 825 2030 agimus3
848 1959 921 2031 quod
943 1960 1040 2016 accidit

74 2057 124 2113 per
140 2041 278 2098 actionem
293 2041 414 2110 iudicati,
429 2035 553 2113 depensi,
569 2040 658 2096 damni
673 2042 791 2098 iniuriae
806 2039 889 2116 'lepis
905 2045 1037 2117 Aquiliae,

74 2115 141 2180 ant⁵
158 2125 324 2198 legatorum
350 2125 474 2194 nomine,
502 2141 570 2198 quae
595 2141 644 2198 per
668 2125 865 2182 damnationem
886 2128 972 2183 'certa
997 2145 1039 2184 re·

75 2203 165 2265 licta⁰
181 2219 255 2265 sunt.

152 2410 174 2479 ¹)
189 2413 234 2461 Ex
247 2429 302 2462 mea
316 2415 349 2476 qi.
365 2409 500 2476 (Zeitscbr.
515 2411 593 2461 XIII.
605 2427 634 2476 p.
645 2409 693 2476 255)
708 2413 813 2475 scripsi.
844 2427 870 2462 cr
886 2414 929 2462 bac
945 2413 1038 2464 actione
1085 2441 1091 2456 ·

76 2485 150 2532 etiam
169 2485 195 2534 0.
210 2485 250 2533 ed.
265 2483 313 2548 Bp.
340 2484 387 2532 sed
400 2498 428 2532 er
442 2483 486 2532 hac
501 2483 620 2532 actionem
638 2483 666 2532 V
667 2479 695 2532 *A
748 2480 839 2548 ¹)dare
858 2484 883 2533 C.
899 2486 938 2534 ed.
954 2484 1002 2551 Bp.

79 2550 99 2618 ³)
115 2555 202 2604 Addit
218 2554 258 2604 0.:
272 2555 351 2616 agim’,
366 2555 434 2602 unde
448 2555 511 2602 alii:
525 2554 658 2602 actionibus
673 2551 785 2620 (quibua)
800 2569 821 2602 e.
837 2571 858 2603 c.
874 2556 973 2618 aginus.

78 2620 99 2690 ⁴)
115 2625 162 2674 Eoo
177 2628 210 2688 qj.
225 2643 248 2674 o.
264 2625 288 2674 d.
304 2625 418 2676 Hoeven.
447 2625 616 2688 consequimur
631 2625 657 2674 0.
672 2625 730 2673 edd.
745 2625 821 2674 etiam
836 2641 905 2674 nacae
920 2639 940 2676 1.
955 2639 975 2677 2.

78 2709 99 2778 ⁶)
116 2715 123 2762 l
138 2715 242 2778 aquiliae
257 2713 308 2763 aC.
323 2713 443 2762 babuisse
452 2713 561 2762 uidetur.
587 2713 646 2774 legis
656 2713 762 2776 Aquiliae
778 2720 801 2762 et
814 2724 894 2762 rerum
909 2711 1039 2780 (sequente

79 2783 223 2850 legatarum)
238 2785 278 2834 ed.
293 2783 341 2849 Bp.
367 2785 482 2834 Ueterum
496 2799 547 2834 aon
561 2791 659 2834 tantum
669 2786 843 2848 pecuniarum
857 2786 896 2834 oel
910 2787 1039 2848 quantita·

79 2861 141 2914 tum,
156 2856 203 2906 sed
212 2857 322 2906 omnium
337 2857 479 2920 tepatorum
493 2856 602 2917 contine,
617 2871 683 2919 quae
693 2870 744 2918 per
758 2856 843 2904 domn.
858 2863 932 2906 certa
945 2858 1041 2906 relicta

79 2934 168 2980 erant.
188 2927 313 2976 adversos
332 2927 483 2989 infitiantem
502 2927 528 2975 ia
547 2927 652 2989 duplum
671 2927 797 2976 actionem
813 2927 911 2990 fuisse,
926 2927 1041 2990 probant

81 2995 140 3060 Dip.
156 3001 214 3047 loca
229 2998 264 3046 od
273 3008 294 3059 2,
304 3008 351 3048 202.
364 2998 407 3047 cit.
460 2995 481 3062 ⁶)
497 3003 562 3046 certe
577 2997 676 3046 relictae
689 2997 714 3046 0.
735 3005 817 3047 certae
832 2999 930 3046 relictae
940 2999 980 3046 ed.
991 2997 1039 3063 Bp.

153 3206 179 3278 ᾗ.
194 3211 305 3272 b.==§.
320 3219 353 3260 15.
373 3209 395 3257 Ι.
411 3209 444 3258 tt.
466 3209 504 3272 Cf.
520 3209 552 3258 L.
566 3220 592 3260 25
603 3225 646 3272 pr.
671 3210 703 3258 J).
724 3209 755 3258 de
774 3209 823 3258 odi.
838 3217 863 3257 et
877 3215 927 3258 aci.
942 3206 992 3273 (44,
1008 3208 1039 3274 t).

83 3274 109 3346 §-
126 3283 148 3330 6.
170 3281 296 3344 Cf.§.1o.
316 3279 387 3328 Lib.
438 3275 504 3348 §.t
526 3277 1039 3344 Of.§.1r.Lib.L.oopr.D.dcobt.

85 3349 277 3417 elucidata).
332 3345 358 3418 ἕ
374 3352 398 3401 8.
420 3351 458 3414 Of.
473 3351 512 3412 ἐξ.
528 3363 561 3401 18.
577 3350 701 3402 19.I.ib.
713 3365 756 3414 pr.
777 3349 845 3399 Late
860 3351 886 3399 oi
900 3348 956 3399 bon.
972 3357 1040 3412 rapt.

86 3418 116 3484 (a,
130 3420 262 3488 2);.sapra
275 3433 296 3479 n,
307 3431 353 3472 ooo.
404 3417 430 3490 ξ.
445 3425 470 3472 9.
494 3422 531 3486 Cf.
543 3425 565 3483 ς.
576 3417 628 3472 aar?
638 3432 658 3478 a,
669 3433 716 3472 aar.
732 3432 753 3482 s,
763 3432 810 3471 127.
822 3431 868 3492 aaa
888 3419 964 3472 Paul,
975 3433 995 3478 t,
1006 3433 1042 3471 m.

86 3491 109 3550 A.
124 3504 144 3542 1.
163 3495 186 3554 ς.
202 3503 235 3544 19.
255 3493 324 3541 Ide
338 3499 388 3542 act.
405 3493 441 3558 (4,
460 3491 491 3558 o).
518 3493 570 3542 Cic.
590 3494 622 3541 de
641 3492 710 3556 offic.
725 3503 750 3550 a,
770 3503 803 3543 to.
819 3507 870 3555 pro
892 3490 987 3541 Ilacco
1006 3501 1044 3542 itt.

89 3560 208 3614 Zeitscbr.
221 3565 243 3628 f.
257 3564 344 3630 procl.
360 3563 431 3612 RW.
451 3564 497 3613 XI
500 3559 529 3614 V.
541 3579 569 3626 p.
585 3574 624 3614 256
637 3577 689 3628 seq.
