2496 3984
188 115 232 178 42
498 132 556 168 oin
574 134 667 169 marm.
686 116 707 169 Ι.
723 120 837 172 60-65.

188 279 238 337 per
249 261 423 336 adoptionem
434 261 504 320 filiae
516 271 563 319 aut
575 265 663 338 neptis
674 264 736 322 loco
747 281 807 322 esse
819 265 953 336 eoeperit,
965 279 1022 320 non
1034 273 1150 338 potero
1161 258 1170 297 ¹

189 363 301 402 uxorem
328 347 438 418 ducere,
465 349 588 421 quamuis
620 365 676 406 eam
701 341 950 430 emamipauerim.²
998 343 1052 406 60.
1088 349 1172 404 inter

189 447 233 488 eas
254 447 365 504 quoque
385 448 535 506 personas,
556 449 624 506 quae
645 449 678 488 er
700 440 856 490 transuerso
878 432 964 506 gradu
988 435 1172 506 cognatione

191 518 356 590 iunguntur,
378 524 420 572 est
441 517 571 590 quaedam
597 516 691 574 similis
718 517 888 588 obseruatio,
917 515 964 572 sed
990 533 1050 576 non
1073 523 1168 573 tanta.

188 595 231 659 61.
253 600 322 656 Sane
343 595 468 672 ²(enim)³
493 603 566 658 inter
586 601 746 682 iratrempet
767 617 890 658 sororem
912 601 1070 674 prohibitae
1096 611 1219 664 suntrns,

189 686 313 758 nuptiae,
336 687 395 742 siue
411 684 507 741 eodem
523 693 600 758 patre
616 685 763 764 eademque
779 693 865 742 matre
880 686 936 741 nati
952 685 1074 754 suerint,
1100 687 1168 742 siue

188 769 320 826 alterutro
336 786 445 826 eorum:
466 769 515 826 sed
535 771 558 826 si
578 785 630 843 qua
651 786 700 842 per
720 769 998 843 adoptionemsoror
1013 771 1082 826 milri
1098 787 1167 826 esse

189 855 324 927 eoeperit,
341 869 422 926 quam
437 853 484 908 diu
499 853 607 926 quidem
622 861 730 910 constat
745 853 868 927 adoptio,
890 869 964 918 sane·
976 855 1050 910 iuter
1071 871 1119 910 me
1137 865 1167 910 et

188 955 246 994 eam
262 939 371 1011 nuptiae
386 954 441 992 non
455 946 575 1011 possunt
588 939 755 1006 consistere;
775 955 835 994 oum
852 954 918 994 uero
936 954 987 1010 per
1003 941 1165 1012 emancipa-

190 1023 290 1076 tionem
305 1021 416 1094 adoptio
432 1021 565 1078 dissoluta
582 1023 627 1092 sit,
650 1031 747 1095 potero
763 1039 821 1077 eam
836 1038 948 1078 uxorem
964 1022 1086 1092 ducere;
1111 1023 1163 1080 sed

187 1114 215 1160 et
236 1106 258 1160 si
274 1121 327 1178 ego
343 1106 527 1178 emancipatus
542 1105 639 1178 fuero,
661 1107 726 1162 nihil
750 1105 946 1180 impedimento·
965 1109 1018 1162 erit
1039 1109 1160 1181 nuptiis.

188 1184 235 1248 62.
257 1187 358 1245 Fratris
374 1189 454 1246 filiam
468 1207 580 1246 uxorem
593 1190 779 1246 dueerelioet:
794 1190 877 1264 idque
892 1191 1009 1264 primum
1025 1192 1053 1246 in
1074 1209 1159 1248 usum

182 1275 273 1345 uenit,
284 1273 763 1350 oumdiuusssiaudiusrigrippinam‚
777 1273 866 1330 fratris
878 1276 919 1330 sui
929 1273 1025 1347 filiam,
1039 1292 1158 1331 uxorem

188 1358 322 1416 duxisset:
338 1361 442 1416 sororis
457 1376 524 1414 uero
540 1357 620 1416 filiam
637 1375 749 1416 uxorem
765 1359 864 1416 ducere
876 1375 930 1415 non
943 1359 1017 1416 lieet.
1046 1361 1157 1416 ethaeo

135 1443 225 1502 iujta
247 1442 438 1516 principalibus
455 1443 696 1501 constitutionibus
716 1441 914 1516 significantur.
932 1435 935 1521 1
953 1443 1021 1500 item
1043 1446 1155 1500 amitam

189 1533 216 1582 et
231 1533 402 1582 materteram
419 1543 530 1582 uxorem
545 1527 644 1584 dooere
660 1525 802 1585 nonlicet.
841 1525 889 1586 68.
911 1529 976 1584 item
992 1545 1064 1599 eam,
1082 1545 1172 1601 quae,

189 1610 253 1666 mihi
269 1609 405 1684 quondam
421 1627 516 1666 socrus
532 1619 579 1666 aut
593 1627 678 1667 nurus
694 1619 742 1666 aut
756 1613 881 1686 priuigna
896 1621 943 1668 ant
957 1629 1080 1673 nouerca
1093 1613 1154 1668 init.

187 1694 249 1752 ideo
269 1703 359 1752 autem
381 1695 496 1752 diximus
517 1695 701 1769 ‘quondam'‚
723 1697 826 1768 quia-si
849 1696 935 1752 adbuc
956 1706 1086 1754 constant
1106 1713 1155 1752 eae

187 1781 308 1853 nuptiae,
323 1795 452 1853 perquer
467 1780 530 1836 talis
545 1776 672 1836 adfinitas
688 1781 809 1854 quaesita
824 1789 883 1850 est,
899 1781 949 1836 alia
964 1781 1073 1838 ratione
1089 1781 1154 1837 mihi

188 1873 271 1936 nupta
286 1879 416 1920 essenon
432 1873 540 1937 potest,
565 1866 626 1938 quia
647 1881 735 1938 neque
757 1863 849 1921 eadem
865 1865 972 1921 duobus
988 1873 1076 1939 nupta
1092 1883 1151 1922 esse

188 1955 295 2021 potest,
315 1963 405 2020 neque
425 1948 494 2004 idem
516 1948 584 2004 duas
605 1965 703 2005 uxores
725 1948 833 2010 habere.
878 1944 926 2008 64.
948 1948 1022 2023 Ergo
1044 1951 1067 2006 si
1091 1952 1151 2023 quis

188 2029 304 2086 nefarias
328 2039 410 2103 atque
434 2033 551 2088 incestas
577 2035 684 2105 nuptias
714 2035 895 2104 contraxerit,
923 2050 1012 2106 neque
1038 2051 1151 2096 uxorem

188 2113 286 2172 haltere
299 2114 417 2185 uidetur,
430 2132 518 2189 neque
530 2115 643 2172 liberos:
653 2118 745 2189 itaque
754 2118 791 2190 hi,
802 2120 848 2191 qui
860 2135 892 2174 er
905 2135 937 2173 eo
950 2119 1024 2173 coitu
1036 2135 1150 2174 nascun-

188 2208 244 2272 tur,
260 2207 371 2256 matrem
387 2199 494 2274 quidem
509 2199 608 2256 haltere
625 2201 762 2274 uidentur,
778 2210 882 2275 patrem
895 2219 961 2258 uero
977 2218 1031 2258 non
1046 2205 1148 2276 utique,

188 2299 238 2338 nee
253 2282 287 2338 ob
303 2283 330 2338 id
345 2285 524 2358 inpotestate
540 2287 599 2342 eius
614 2295 695 2358 sunt,
713 2283 783 2358 (seri)
799 2287 882 2358 'sont‚
899 2279 1014 2359 quales⁴
1028 2287 1063 2359 ii,
1080 2305 1147 2360 quos

188 2375 273 2422 mater
294 2367 379 2442 uulgo
395 2371 534 2443 conoepit:
555 2386 616 2425 nam
638 2378 667 2426 et
687 2371 715 2426 hi
734 2379 839 2444 patrem
859 2370 958 2426 habore
973 2387 1028 2426 non
1044 2372 1148 2428 intelie-

187 2459 307 2526 guntor,
333 2448 394 2508 euin
421 2455 444 2510 is
465 2456 545 2510 etiam
567 2455 687 2510 incertus
708 2457 759 2524 sit3
785 2455 857 2510 unde
881 2455 971 2511 soient
995 2457 1081 2528 spurii
1102 2454 1147 2511 nni

187 2535 327 2612 appellari,
340 2537 384 2594 uei
396 2555 410 2593 a
423 2537 520 2594 Graeca
535 2555 601 2595 uoce
613 2541 689 2613 quasi
700 2529 854 2612 σποράδην
866 2541 999 2612 concepti,
1018 2539 1060 2595 uel
1073 2542 1147 2614 quasi

187 2621 245 2676 sine
261 2629 338 2692 patre
354 2617 428 2678 filit⁵
1002 2696 1004 2700 ,

250 2699 298 2762 65.
318 2707 482 2778 Aliquando
497 2714 594 2764 autem
610 2711 719 2779 euenit,
742 2716 773 2764 ut
793 2708 890 2778 libera,
913 2711 1071 2782 quistatim
1086 2713 1142 2783 qui·

187 2821 401 2830 ...η-..ᾕ-

261 2868 281 2938 ²)
295 2879 379 2935 potero
394 2888 447 2922 eam
466 2875 494 2923 V
495 2871 523 2924 ⁸⁸.
572 2871 605 2942 ⁴²)
621 2877 851 2940 emancipauerimus
872 2877 898 2926 V
899 2873 926 2926 ⁸².
988 2873 1009 2944 ³)
1025 2877 1068 2926 Ero
1081 2878 1142 2928 Inst.

186 2944 312 3006 supplevi.
378 2940 399 3009 ⁴)
419 2945 501 3008 quales
521 2953 575 2994 sunt
595 2946 621 2995 Ο.
640 2947 698 2996 edd.
725 2947 852 3011 Cf.§.12.
872 2947 941 2997 Lde
955 2956 1027 3012 nupt.
1047 2947 1142 3017 (1,10).

155 3057 160 3069 ‚
189 3011 209 3080 ⁶)
224 3013 348 3076 Sequitur
363 3015 432 3065 linea
447 3032 538 3066 uueuu.

258 3177 301 3252 ἓξ
313 3187 355 3236 60.
367 3186 409 3234 61.
425 3186 497 3247 =§.
509 3197 529 3235 2.
548 3183 571 3233 Ι.
588 3186 619 3234 de
633 3194 705 3250 nupt.
719 3184 751 3252 (1,
767 3185 810 3252 10).
832 3186 871 3250 Cf.
891 3185 946 3250 Uip.
961 3197 982 3245 5,
997 3200 1018 3239 6.
1063 3184 1139 3256 §.62

189 3253 227 3318 CY-
242 3256 283 3316 ἐξ.
298 3267 318 3306 6.
333 3267 354 3307 6.
374 3253 398 3304 I.
412 3257 468 3306 eod.
488 3255 543 3319 Ulp.
558 3267 579 3313 6,
595 3268 615 3307 6.
637 3257 727 3307 Collat.
742 3269 763 3316 6,
777 3269 799 3306 4.
814 3259 837 3318 5.
848 3268 869 3308 6.
893 3257 973 3307 Taor't.
984 3258 1017 3307 A.
1029 3271 1137 3324 mureq.

187 3337 221 3384 1³,
235 3337 256 3376 a.
271 3323 342 3375 Suet.
360 3327 454 3384 Claud,
466 3339 500 3378 ao.
515 3338 549 3378 ae.
564 3338 599 3378 ee.
619 3328 670 3378 Dio
685 3340 720 3387 oe,
734 3340 755 3378 a.
792 3323 818 3395 ἕ.
830 3332 872 3380 63.
890 3329 928 3391 Of.
943 3330 983 3391 ἐξ.
995 3341 1015 3379 6.
1027 3341 1046 3380 r.
1057 3331 1077 3380 I.
1087 3332 1137 3380 eod.

188 3395 246 3531 §Uin
260 3406 282 3458 6,
297 3408 317 3446 6.
339 3397 430 3446 Callai.
445 3409 466 3459 6,
480 3409 501 3448 3.
516 3399 540 3458 ἓ.
556 3408 575 3447 8.
613 3393 638 3464 ξ.
655 3401 697 3450 64.
715 3399 753 3462 Cf.
769 3400 792 3460 5.
808 3410 841 3448 12.
856 3399 879 3448 I.
894 3399 950 3448 eod.
966 3415 1022 3448 oum
1036 3399 1137 3450 Sohred.

208 3467 516 3530 ‚65.=§.1a.I.eod.
