2470 3972
365 199 423 234 ean
441 199 532 234 marra.
552 180 599 233 IV.
619 186 733 234 24-25.
962 181 1026 244 207

61 347 175 404 puram,
191 330 216 384 id
233 339 343 386 estnon
359 346 409 403 pra
425 329 560 400 iudicatu,
581 327 659 384 uelut
679 329 728 386 lex
744 326 857 402 (Furia)
880 337 1026 388 testamen·

62 416 135 470 taria
155 413 290 472 aduersas
311 431 387 483 euru,
415 415 461 487 qul
481 413 633 487 legatorum
660 418 768 472 namins
789 415 920 470 mortisue
945 432 1026 472 eausa

61 499 127 572 plus
144 515 171 557 m
192 498 297 554 assibus
319 499 446 571 cepisset,
470 513 582 554 cumea
605 497 667 571 lege
682 514 737 556 uon
753 507 826 555 esset
841 507 978 572 exceptus,
995 509 1026 555 ut

63 585 88 638 ei
104 582 170 657 plus
186 599 282 656 capere
297 583 407 650 liceret;
430 584 495 638 item
511 582 554 638 ler
569 582 665 638 llarcia
683 582 813 640 aduersus
829 581 1024 654 faeneratores,

63 675 96 742 ut
112 669 136 722 si
150 683 247 730 usuras
263 668 426 745 exegissent,
451 663 486 722 de
502 667 542 722 bis
565 666 708 724 reddendis
730 685 779 743 per
794 683 887 722 manus
903 669 1026 724 iniectio·

62 767 127 807 uem
151 752 274 808 cumeis
300 761 438 826 ageretur.
481 747 532 808 24.
555 749 591 804 Ex
613 751 709 824 qulbus
731 749 837 826 legibus
861 759 889 808 et
911 753 935 808 si
957 769 1027 826 quae

61 836 133 892 aliae
149 836 251 891 similes
267 844 376 905 essent,
392 852 452 892 eum
468 833 614 908 agebatur,
637 853 744 892 manum
767 834 817 892 sibi
839 835 976 908 depellere
999 845 1027 892 et

61 937 114 994 pra
140 937 171 975 se
193 919 254 992 lege
269 936 350 994 agere
372 919 443 988 'trra
458 919 589 989 dicebatis
602 913 609 952 ¹
635 938 695 978 uam
710 931 736 979 et
752 928 828 978 actor
842 921 869 974 in
885 922 942 994 ipsa
956 920 1025 994 legis

61 1005 175 1062 actione
190 1020 245 1060 nen
261 1003 390 1060 adiciebat
405 1005 457 1060 boc
473 1002 585 1060 uerbum
607 1023 668 1063 sno
690 1020 854 1074 1vn1enr0,
876 1004 924 1060 sed
940 1005 1026 1061 uomi-

60 1097 126 1145 uata
144 1105 236 1160 causa,
249 1105 281 1144 er
293 1105 345 1161 qua
357 1087 466 1162 agebat,
477 1090 514 1143 ita
530 1087 649 1145 dicebat:
666 1107 705 1148 oa
720 1107 786 1148 aaut
801 1107 866 1148 unm
880 1105 943 1148 neo
959 1105 1025 1146 rtet

60 1188 304 1240 mauvar1u10103
328 1189 389 1228 cum
405 1173 441 1243 bi,
458 1172 555 1246 quibus
577 1191 628 1246 pra
651 1175 768 1232 iudicato
792 1175 861 1230 actio
882 1173 942 1230 data
958 1166 1025 1244 era't,

59 1259 205 1314 nominata
221 1273 310 1326 causa,
327 1273 359 1313 ex
374 1273 427 1330 qua
442 1255 568 1330 agebant,
584 1259 619 1312 ita
634 1258 802 1316 inserebant:
827 1275 866 1316 os
881 1274 946 1316 11111
961 1275 1026 1315 sem

60 1358 126 1400 seo
153 1357 219 1398 aum
239 1357 300 1398 ano
322 1357 473 1400 tvurenro
494 1357 603 1400 manvu
618 1359 732 1400 antero:
756 1358 806 1400 nec
827 1359 869 1398 me
885 1343 1023 1415 praeterit,

60 1429 88 1481 in
112 1426 203 1482 forma
225 1425 293 1500 legis
310 1425 405 1482 Furiae
428 1427 643 1483 testamentariae
665 1444 725 1484 ruo
742 1442 894 1486 rvurenro
911 1425 1023 1482 uerbum

15 1527 51 1576 m]
61 1511 166 1580 inseri,
182 1526 242 1566 cum
257 1511 284 1566 in
300 1511 359 1584 ipsa
373 1509 436 1584 lege
450 1526 505 1566 non
521 1511 570 1578 sit,
588 1511 660 1582 quod
677 1511 785 1568 uidetur
804 1507 809 1589 Ι
829 1511 901 1568 nulla
918 1511 1024 1568 ratione
1036 1528 1108 1585 197!

61 1595 176 1651 lactum.
227 1591 275 1651 td.
300 1594 352 1652 Sed
373 1603 469 1668 pastea
489 1594 550 1667 lege
572 1591 693 1668 ’Vallia,²
719 1606 831 1671 excepto
858 1597 975 1652 iudicatu
998 1605 1026 1652 et

62 1695 106 1750 ea,
131 1696 184 1752 pro
201 1695 255 1752 qua
271 1678 418 1752 depensum
435 1687 487 1749 est,
510 1680 608 1735 ceteris
624 1679 760 1752 amnibus,
783 1698 845 1738 curn
860 1679 958 1754 qulbus
974 1695 1024 1754 per

60 1781 161 1819 manus
183 1763 355 1819 iniectionem
378 1762 523 1836 agebatur,
545 1765 705 1836 permissum
728 1774 770 1821 est
790 1764 840 1821 sibi
856 1781 964 1820 manum
980 1764 1025 1819 de·

61 1848 168 1920 pellere
184 1855 212 1902 et
227 1864 277 1920 pro
290 1864 319 1903 se
335 1864 432 1922 agere:
447 1848 538 1919 itaque
553 1847 684 1904 iudicatus
699 1857 727 1904 et
742 1852 775 1920 is,
791 1865 841 1922 pra
857 1865 912 1922 quo
925 1847 1026 1922 depen-

62 1949 123 1987 sum
140 1940 200 2001 est,
223 1933 301 1987 etiarn
322 1941 386 2005 past
406 1932 475 1988 banc
489 1931 577 2006 legem
593 1932 727 1990 uindicem
743 1933 807 1990 dare
823 1931 974 2003 debebant,
997 1939 1025 1988 et

62 2017 115 2072 nisi
133 2015 240 2086 darent,
257 2015 366 2071 domurn
378 2014 557 2080 ducebantur.
591 2017 698 2091 istaque
716 2017 843 2092 quamdiu
855 2017 926 2092 legis
941 2018 1024 2074 actio·

62 2117 111 2156 nes
129 2101 156 2155 in
174 2117 226 2155 usu
241 2109 327 2170 erant,
343 2116 449 2174 semper
461 2101 497 2156 ita
509 2099 738 2177 obseruabantur3
753 2103 825 2159 unde
841 2104 942 2158 nostris
956 2093 1023 2157 tern-

139 2281 160 2350 1)
174 2283 303 2348 Suppteai.
319 2285 433 2353 (licebat)
448 2288 506 2336 edd.
539 2287 592 2337 Sed
605 2291 681 2338 etiam
702 2284 769 2338 ‘reo’
786 2289 928 2346 excidisse,
943 2303 1025 2352 arga·

62 2363 147 2406 mento
167 2364 205 2405 est
223 2364 274 2405 tam
291 2371 400 2421 sequens
418 2364 442 2406 et
460 2365 540 2422 actor,
559 2367 610 2407 tam
625 2361 693 2422 qaod
706 2361 745 2408 ita
758 2360 828 2408 ratio
842 2366 1024 2422 apparet,‚car

62 2430 142 2476 etiam
162 2442 197 2475 em
217 2423 243 2476 ‘a
258 2425 361 2477 licebat'
380 2429 480 2492 factam
500 2426 624 2480 ‘dicebat'
647 2431 793 2488 concideret,
818 2444 895 2478 sensu
922 2445 1025 2489 carens,

58 2505 199 2562 postquam
213 2512 238 2546 re
254 2506 282 2547 at
293 2501 448 2562 geminatam
463 2502 581 2550 omissum
593 2507 659 2557 erat.
719 2496 740 2564 ²)
754 2499 799 2550 Sic
809 2515 862 2564 pra
877 2508 948 2550 certo
968 2501 994 2549 V
995 2499 1025 2558 ⁸2,

63 2583 146 2632 quare
162 2568 191 2616 id
205 2569 307 2618 interim
320 2572 434 2620 retinere
448 2573 539 2629 malai,
554 2587 705 2636 quamquam
724 2565 815 2622 aere‘or
830 2572 865 2619 ad
882 2574 1024 2634 ememplam

63 2640 187 2689 Mensiae
210 2641 282 2704 legis.
317 2641 402 2690 Antea
416 2641 508 2691 Valeria
523 2645 681 2705 scripseram
703 2639 740 2691 ‘d
760 2642 842 2692 Recbt
862 2643 887 2690 d.
909 2639 1021 2690 Neoeum’

58 2722 152 2773 p.141.
177 2710 216 2758 ed.
236 2723 256 2761 e.
276 2719 383 2762 notans:
401 2728 448 2762 aec
467 2713 568 2772 dubita,
590 2715 651 2777 qaia
671 2712 708 2778 (in
728 2713 880 2779 archetypo)
900 2714 1023 2771 litterar,

63 2797 140 2845 qaam
152 2779 178 2830 O.
194 2781 270 2832 dadet
282 2783 314 2849 ἐπ’
325 2799 400 2832 aerea
415 2785 580 2834 antecedente
591 2791 652 2848 post
661 2799 715 2834 voc.
731 2799 793 2847 cum,
803 2799 855 2848 per
864 2799 980 2834 errarem
994 2799 1024 2834 eo

62 2853 230 2918 migraverit,
251 2868 307 2902 cam
326 2862 460 2920 corrector
474 2871 529 2904 eam
547 2870 626 2918 saper
640 2856 711 2904 uellia
727 2854 775 2921 (sic
792 2857 851 2917 fere
867 2855 904 2922 0.)
922 2859 1025 2919 supple·

63 2925 152 2972 uisset.

64 3118 213 3182 legendam:
226 3119 271 3168 Ubi
286 3119 458 3184 qrradruplatar
470 3121 526 3184 quoi
541 3121 629 3184 inpiam
644 3120 707 3187 (pra
717 3119 861 3184 quempiam)
876 3121 959 3170 inlexit
972 3135 1023 3169 ma-

63 3203 129 3239 num.
157 3188 203 3238 ua
212 3191 298 3240 eodem
313 3205 374 3240 aero
388 3193 444 3240 loco
459 3192 590 3250 discimus,
605 3207 640 3241 erc
648 3193 795 3242 huiusmodi
804 3191 949 3242 actionibus
958 3198 1023 3241 tres·

64 3261 136 3310 airas
151 3263 275 3324 capitales
294 3261 424 3310 iudicasse
443 3269 468 3310 et
481 3270 594 3312 actorem
608 3264 664 3312 siae
674 3263 796 3325 periculo
809 3277 856 3312 sao
870 3263 1022 3327 litigauisse.

63 3331 101 3378 lex
114 3327 199 3399 Faria]
215 3333 249 3396 cs.
264 3344 285 3391 2,
299 3343 346 3384 225.
375 3331 412 3380 lex
426 3330 527 3400 Marcia]
542 3349 566 3382 a.
582 3351 606 3382 a.
616 3344 664 3385 402.
695 3333 733 3397 Os.
744 3332 786 3381 lid.
797 3348 877 3382 sacam
893 3329 928 3381 ‘d
941 3333 1023 3382 Recdt

64 3401 110 3450 des
121 3399 231 3450 Neaam'
239 3417 267 3465 p.
274 3413 312 3452 122
321 3417 372 3466 seq.
379 3414 426 3454 141.
442 3403 568 3466 conplures
579 3401 643 3472 all]
655 3404 689 3467 cf.
696 3404 727 3452 L.
733 3415 753 3454 e.
764 3403 796 3451 D.
808 3404 839 3452 de
849 3405 925 3453 adeat.
936 3403 982 3470 (11,
990 3404 1021 3470 5).

64 3467 90 3538 ἓ.
110 3474 152 3522 25.
178 3472 229 3534 lege
244 3471 365 3540 Valeriai]
382 3490 406 3522 a.
423 3491 447 3522 a.
462 3486 510 3526 415.
537 3475 574 3538 Of.
598 3473 634 3524 ‘d
650 3474 732 3524 Reeltt
750 3475 774 3522 d.
796 3471 953 3538 Neacam'-p.
974 3485 1022 3526 115.

65 3543 193 3592 iudicatum
209 3541 281 3611 solui]
298 3545 332 3608 cf.
345 3547 368 3606 §-
380 3557 426 3596 101.
446 3543 578 3612 uindicem]
595 3547 633 3610 Cf.
645 3548 689 3594 lece
699 3547 781 3595 calon.
795 3544 880 3594 demet.
892 3545 942 3594 Iul.
954 3562 976 3594 c.
987 3558 1022 3597 61.
