2464 3978
1064 9 1164 89 Ῑ

233 201 296 266 132
511 215 569 252 am
587 217 679 252 msam.
699 198 733 272 ΙΙἸ
754 204 903 253 aot-uua.

228 357 322 422 tutem,
339 350 415 422 quasi
426 344 517 403 heredi
529 355 557 403 et
571 349 598 402 in
612 346 739 402 heredem
756 347 818 402 dare
831 347 932 420 coepit,
946 362 1050 419 eaeque
1062 348 1091 402 in
1105 347 1202 403 edicto

229 442 431 510 proponuntur.
452 427 545 490 'uae'
561 431 613 487 Sed
629 447 726 486 rursus
742 433 803 504 quia
819 430 934 487 heredes
950 431 1057 504 scripti,
1073 448 1144 487 cum
1157 441 1202 486 aut

166 511 178 546 ·’
220 525 314 575 totum
329 517 506 574 hereditatem
523 523 568 572 eut
584 531 670 590 paene
682 523 766 572 totam
779 516 941 588 pierumque
950 516 1103 571 restituere
1117 533 1202 590 roga·

228 601 344 672 bantur,
370 601 443 657 adire
469 600 646 657 hereditatem
668 599 704 655 ob
727 600 830 655 nulium
851 607 899 654 aut
919 601 1063 655 minimum
1089 599 1201 656 lucrum

220 685 401 758 recusabant,
417 695 499 759 etque
515 684 549 740 oh
565 685 592 740 id
608 683 836 758 extinguebantur
852 681 1073 752 fideicommissa,
1085 683 1200 756 'postea

226 766 349 846 Pegaso¹
373 777 401 826 et
423 770 540 825 Pusione
556 765 741 842 (consulibus)
762 776 874 824 senatus
896 769 1027 838 censuit,¹
1045 776 1076 822 ut
1094 769 1139 838 ei,
1157 772 1200 842 qui

227 865 341 930 rogatus
357 863 434 911 esset·
447 853 625 911 hereditatem
641 853 803 923 restituere,
828 851 943 926 proinde
958 852 1058 909 liceret
1072 863 1199 925 quartam

226 947 330 1014 partem
347 941 475 1010 retinere,
493 939 574 1011 atque
589 953 603 994 e
619 937 681 1010 lege
695 935 808 992 Falcidia
820 938 848 991 in
861 936 956 1010 legatis
967 936 1127 995 'retinendi
1139 931 1199 994 ius-²

227 1023 401 1080 conceditur:
422 1036 452 1078 en
469 1023 586 1095 singulis
603 1037 714 1094 quoque
729 1021 828 1090 rebus,
851 1037 921 1093 quae
937 1037 986 1094 per
1002 1021 1199 1080 fideicommis-

227 1123 287 1163 sum
309 1107 518 1185 reiinpuuntur,
546 1105 640 1162 eadem
660 1107 778 1162 retentio
804 1106 936 1178 permissa
956 1113 1009 1161 est.
1049 1124 1103 1181 per
1126 1107 1229 1179 quodi-

226 1186 509 1248 senausconsahuu
523 1192 582 1264 ipse
600 1186 703 1263 (heres)
721 1205 803 1246 onera
815 1189 977 1245 hereditaria
993 1194 1138 1258 sustiuet;
1154 1191 1198 1246 iiie

226 1277 331 1347 autem,
353 1277 400 1348 qni
414 1290 447 1332 es
470 1273 679 1330 fideicommissa
695 1259 825 1347 reliquum
846 1282 952 1347 partem
968 1275 1141 1332 hereditatis
1156 1292 1197 1330 re-

217 1361 300 1435 cipit,
316 1360 442 1434 legaterii
454 1360 579 1433 partiaria·
592 1359 655 1415 ioco
671 1367 722 1430 est,
738 1359 765 1414 id
781 1366 823 1414 est
838 1360 896 1414 eius
912 1357 1053 1433 legatarii,
1070 1361 1119 1416 oui
1135 1377 1196 1432 pars

225 1444 359 1500 honorum
375 1443 495 1518 legatum
518 1459 587 1516 quae
607 1443 713 1515 species
734 1443 818 1514 iegati
839 1443 949 1515 partitio
973 1453 1112 1514 uocatur,
1136 1445 1195 1517 quia

181 1563 184 1570 «
226 1545 287 1584 cum
303 1526 402 1584 herede
417 1528 564 1602 legatarius
581 1528 696 1599 partitur
706 1526 898 1584 hereditatem:
914 1527 986 1582 unde
999 1528 1133 1586 effectum
1145 1538 1194 1596 est,

226 1620 256 1668 ut
272 1626 340 1685 quae
356 1611 651 1684 soientstipulatioues
667 1613 738 1668 inter
753 1611 879 1666 heredem
895 1619 924 1666 et
940 1614 1102 1684 partiarium
1120 1615 1194 1687 iega-

216 1697 323 1753 'tarium
339 1697 485 1770 interponi,
498 1693 607 1752 eaedem
619 1696 829 1770 interponantur
838 1696 912 1751 inter
922 1693 995 1766 eum,
1012 1701 1060 1770 qui
1072 1715 1108 1754 ex
1122 1697 1194 1753 fidei·

217 1783 362 1838 ‘commissi
377 1771 458 1838 causa
473 1780 571 1854 recipit
583 1780 772 1852 hereditatem,
789 1788 817 1834 et
832 1779 976 1851 heredem,
996 1781 1023 1836 id
1041 1790 1098 1855 est,
1124 1793 1152 1837 ut
1168 1791 1193 1837 et

224 1865 330 1921 lucrum
345 1873 373 1921 et
388 1865 514 1922 damnum
530 1864 721 1921 hereditarium
738 1881 788 1937 pro
804 1873 860 1936 rata
876 1873 953 1937 parte
965 1865 1040 1920 inter
1055 1883 1107 1922 eos
1120 1884 1193 1927 com·

225 1963 306 2004 mune
327 1950 393 2005 siu*
416 1945 483 2007 265.
508 1941 577 2021 hingo
599 1949 731 2021 siquidem
753 1965 808 2004 non
824 1949 885 2022 pius
901 1965 982 2022 quam
998 1950 1163 2010 dodrantem

156 2039 215 2088 teo.
226 2033 385 2088 hereditatis
407 2035 524 2108 scriptus
540 2035 619 2090 heres
634 2043 745 2106 rogatus
766 2035 803 2088 sit
817 2035 978 2106 restituere,
1002 2043 1061 2090 tum
1077 2053 1112 2091 ex
1128 2036 1191 2090 'ire-

227 2115 341 2174 heiiieno
358 2125 467 2173 senatus
483 2118 612 2174 consulto
625 2119 780 2174 restituitur
796 2116 940 2187 heredites,
958 2126 986 2174 et
1001 2120 1029 2174 iu
1040 2129 1190 2192 utrumque

227 2204 347 2258 actiones
359 2201 537 2257 hereditariae
550 2217 600 2276 pro
612 2209 670 2257 ruta
682 2211 759 2275 parte
773 2202 880 2272 dantur,
896 2203 923 2258 iu
937 2203 1066 2259 heredem
1078 2206 1187 2278 quidem

217 2289 284 2342 ¹iure
305 2284 392 2356 ciuili,
410 2287 437 2340 in
453 2303 514 2342 eum
528 2303 612 2357 uero,
635 2287 681 2358 qui
696 2288 792 2360 recipit
808 2286 1000 2359 hereditatem,
1022 2304 1056 2343 ex
1076 2297 1186 2344 scamus

226 2371 354 2427 consuitu
374 2371 559 2439 'ineheiiion03
588 2387 748 2444 quamquam
771 2371 849 2426 heres
869 2372 948 2426 etiam
970 2388 1022 2444 pro
1043 2389 1074 2428 ea
1099 2381 1185 2446 parte,
1228 2413 1229 2446 ,

215 2464 305 2528 'quam
321 2455 451 2526 restituit,
467 2454 547 2511 heres
563 2464 711 2528 permanet,
730 2456 808 2528 eique
821 2463 852 2510 et
866 2456 894 2510 in
910 2471 971 2510 eum
983 2456 1093 2512 solidae
1104 2460 1186 2513 actio·

223 2555 274 2596 nes
295 2547 466 2614 competunt3
488 2539 535 2594 sed
557 2554 610 2596 non
632 2537 748 2596 ulterius
770 2549 916 2609 oneratur,
938 2555 989 2596 nec
1011 2541 1125 2596 ulterius
1147 2542 1184 2597 iiii

169 2663 174 2670 -
227 2623 325 2680 dantur
345 2627 481 2694 artiones,
501 2639 579 2697 quam
602 2625 676 2697 apud
695 2639 756 2679 eum
778 2623 949 2680 commodum
970 2624 1126 2691 hereditatis
1141 2643 1184 2681 re·

227 2717 326 2764 manet.
378 2704 445 2770 256.
475 2712 508 2763 At
533 2709 636 2782 siquis
658 2707 720 2780 plus
746 2724 825 2780 quarn
850 2708 1010 2764 dodrantem
1032 2709 1074 2764 uei
1101 2711 1181 2766 etiam

228 2843 441 2850 ...,,-..-
1226 2813 1227 2893 p

302 2897 321 2965 ¹)
337 2901 368 2949 In
383 2899 407 2947 V
411 2897 431 2931 ³i
441 2903 578 2964 praecedit
585 2907 611 2967 p,
627 2903 696 2967 quod
708 2904 808 2966 alioqui
817 2903 949 2967 siptrifieat
963 2909 1050 2964 potest,
1066 2911 1180 2964 potestate

228 2972 336 3032 Publius;
355 2971 402 3020 sed
420 2975 533 3022 consulis
548 2989 707 3038 praenomen
725 2975 875 3038 ipuoratur,
898 2987 1004 3036 cumque
1023 2975 1097 3022 etiam
1115 2978 1181 3024 alias
1225 3007 1226 3018 η

229 3049 304 3093 notae
314 3044 338 3107 p'
348 3047 373 3091 et
383 3045 398 3106 ft
409 3051 596 3106 permutentur,
611 3059 668 3094 curu
677 3043 750 3107 Sesto
761 3053 799 3106 (p.
811 3043 860 3108 285)
870 3058 905 3092 em
915 3042 999 3092 Instit.
1011 3045 1080 3093 edidi
1089 3054 1179 3108 postea.
1199 3055 1203 3068 ¹
1225 3019 1226 3077 d

231 3111 252 3179 2)
265 3115 373 3163 rotinere
386 3115 425 3162 cd.
440 3114 519 3163 Stoa·
536 3115 573 3178 Of.
590 3130 610 3174 1,
624 3127 658 3166 31.
679 3127 699 3173 u,
715 3126 747 3166 tu.

300 3272 324 3345 ξ.
340 3276 399 3324 254.
416 3277 486 3336 =§.
502 3285 522 3324 5.
541 3273 603 3324 dh.
619 3283 635 3323 t.
651 3273 742 3340 (nee).
763 3275 832 3338 Epic.
848 3286 868 3331 e,
884 3287 950 3337 apr.
979 3274 1177 3337 urp.n,1r.1n.

223 3343 306 3394 'Pauh
320 3359 342 3404 4,
357 3357 377 3394 3.
403 3346 427 3393 Ρ.
443 3349 466 3392 et
485 3345 509 3392 P.
525 3341 686 3410 consulibus]¹
701 3347 858 3409 Vespasiani
876 3345 1031 3408 temporibus
1047 3360 1069 3392 a.
1083 3355 1178 3399 ‘to—su.

228 3413 339 3483 partitio]
360 3415 393 3478 cf.
419 3415 474 3478 (lup.
493 3427 531 3471 et,
551 3425 584 3464 25,
612 3415 721 3478 Theoph.
737 3429 762 3476 e,
782 3428 815 3467 2³.
835 3419 856 3478 ἓ.
873 3427 892 3466 5.
961 3413 986 3483 ξ.
1002 3417 1142 3478 255.=§.
1158 3433 1176 3470 t.

229 3485 251 3533 I.
267 3485 291 3534 h.
306 3493 323 3533 t.
339 3484 377 3549 (2,
386 3484 430 3550 es).
456 3485 494 3546 Cf.
514 3483 567 3546 Uip.
584 3496 617 3542 aa,
634 3497 666 3534 14.
691 3487 722 3534 L.
738 3499 771 3537 ou.
798 3488 829 3535 I).
845 3488 881 3536 ou
894 3489 910 3535 i.
928 3486 999 3551 Fato.
1014 3485 1056 3550 (eu,
1069 3485 1099 3551 r).
1222 3501 1223 3504 ¹

230 3551 330 3620 §.525st
350 3553 590 3618 §§.u.(.)I.lt.t.
612 3556 650 3617 (if.
670 3555 794 3618 Ulpio.
