2470 3972
4 141 9 384 t
203 223 269 286 242
293 241 295 244 '
479 239 538 276 osu
555 241 649 276 xusrrr.
668 221 716 275 IV.
737 227 885 276 tat-126.

201 388 235 428 ex
250 380 384 444 tempore,
401 371 449 426 sed
464 373 543 427 etiam
559 387 591 426 ex
607 387 723 444 persona
738 369 880 426 dilatoriae
895 371 1071 443 exceptiones
1086 370 1165 426 iutel-

121 471 125 479 ·
203 456 341 530 leguntur,
358 455 452 527 qualos
468 463 534 511 sunt
548 445 726 529 cognitoriae,
744 454 820 510 uelut
835 455 858 509 si
873 455 907 525 is,
920 455 967 527 qui
981 471 1031 527 per
1045 455 1164 512 edictum

203 540 376 616 cognitorem
398 539 463 594 dare
485 555 539 596 non
562 547 671 612 potest,
693 555 743 615 per
764 539 935 612 cognitorem
958 548 1031 612 agat.
1055 539 1099 594 uel
1121 537 1164 603 ἰἐ,

204 628 255 699 qui
262 617 272 656 ¹
296 623 375 678 dandi
399 623 505 696 quidem
521 625 673 696 cognitoris
694 625 738 678 ius
760 623 872 694 halieat,
897 637 959 678 euxn
977 623 1034 694 det,
1051 624 1094 680 cui
1111 639 1166 679 non

203 709 268 765 licet
290 709 461 781 cognituram
476 709 629 781 suscipere:
644 723 713 782 ‘nam
736 707 759 762 si
782 707 914 762 obiciatur
932 709 1057 780 exceptio
1073 709 1167 780 cogni·

203 795 284 864 toria,
300 794 323 848 si
333 793 396 865 ’ipse
412 791 473 846 talis
489 795 552 864 erit,
567 801 598 846 ut
613 793 637 848 ei
653 807 708 847 non
729 790 808 848 liceat
830 791 1000 864 cognitorem
1016 791 1093 863 dare,
1109 794 1167 866 ipse

204 893 285 951 agere
300 884 407 950 potest;
431 877 453 930 si
469 891 535 932 uero
556 876 695 949 cognitori
714 891 769 930 non
788 875 867 931 liceat
889 876 1061 948 cognituram
1082 877 1167 932 susci·

203 977 286 1036 pere,
309 975 358 1034 per
381 960 463 1016 alium
485 961 656 1033 cognitorem
684 968 730 1014 aut
752 975 801 1032 per
830 961 1028 1032 semetipsum
1056 959 1167 1015 liberam

204 1044 285 1102 habet
300 1044 396 1118 agendi
412 1051 591 1118 potestatem,
614 1052 643 1100 et
659 1052 711 1098 tam
727 1043 780 1099 hoc
795 1059 875 1116 quam
895 1041 944 1098 illo
965 1043 1168 1103 modoeuitare

131 1121 348 1205 230.’(potest)²
369 1129 568 1202 exceptionem:
595 1127 693 1202 quodsi
716 1119 932 1205 dissimulaverit
951 1119 1051 1183 ἐιιιιι3
1072 1135 1100 1184 et
1121 1144 1169 1202 per

205 1215 376 1288 cognitorem
392 1213 495 1286 egerit,
515 1216 575 1268 'rem
597 1211 696 1286 perdit.
740 1207 804 1268 125.
828 1211 884 1266 Sed
902 1213 1087 1285 peremptoria
1111 1213 1168 1286 qui·

206 1298 266 1354 dem
283 1299 441 1370 exceptione
456 1295 479 1352 si
495 1313 559 1352 reus
579 1313 629 1370 per
649 1311 769 1352 errorem
790 1311 845 1350 nou
867 1293 954 1352 fuerit
977 1313 1055 1367 usus,
1079 1298 1106 1352 in
1129 1299 1168 1352 in·

207 1391 316 1456 tegrum
326 1382 481 1438 restituitur
495 1380 647 1436 adiciendae
659 1381 825 1452 exceptionis
841 1381 942 1452 gratia:
958 1379 1086 1436 dilatoria
1101 1397 1166 1436 uero
1178 1387 1220 1438 [³⁰⁵]

205 1468 229 1522 si
245 1483 300 1522 non
315 1465 401 1522 luerit
417 1482 494 1537 usus,
509 1481 542 1520 an
557 1467 585 1520 in
599 1466 736 1534 integrum
751 1464 926 1535 restituatur,
942 1467 1092 1536 quaeritur.

270 1545 338 1606 126.
361 1549 498 1606 Interdum
515 1549 618 1620 euenit,
633 1557 664 1603 ut
680 1549 814 1621 exceptio,
831 1563 899 1620 quae
914 1549 1000 1620 prima
1016 1549 1085 1605 facie
1100 1551 1169 1606 iusta

206 1634 348 1706 uideatur,
371 1635 465 1707 inique
486 1641 583 1689 noceat
606 1633 706 1703 actori:
733 1631 889 1704 quodcum
912 1631 1027 1704 accidit,
1050 1633 1104 1690 alia
1126 1634 1169 1689 ad·

209 1720 328 1774 iectione
344 1735 413 1793 opus
436 1725 479 1774 est
501 1717 646 1774 adiuuandi
668 1717 767 1772 actoris
789 1717 891 1790 gratia:
914 1733 982 1788 quae
997 1717 1114 1774 adiectio
1129 1734 1169 1773 re·

208 1802 319 1876 plicatio
336 1809 467 1878 uocatur,
491 1803 552 1874 qula
566 1817 617 1875 per
631 1815 687 1856 eam
703 1798 849 1874 replicatur
864 1809 945 1874 atque
960 1801 1114 1857 resoluitur
1132 1803 1169 1857 uis

210 1887 395 1960 exceptionis:
414 1903 476 1942 nam
498 1887 521 1946 si
537 1883 612 1941 uerbi
635 1887 720 1958 gratia
741 1892 838 1958 pactus
854 1888 905 1940 sim
923 1893 1023 1958 tecum,
1038 1902 1074 1950 ne
1089 1903 1169 1960 pecu·

207 1971 294 2042 uiam,
319 1987 399 2044 quam
414 1971 479 2026 mihi
493 1969 587 2042 debes,
602 1987 616 2024 a
632 1977 659 2025 te
674 1977 806 2044 peterem,
825 1968 922 2026 deinde
942 1979 1037 2042 postea
1059 1971 1088 2026 in
1107 1987 1169 2028 oon·

209 2055 320 2110 trariom
335 2055 407 2128 pacti
423 2057 519 2124 simus,
532 2053 561 2109 id
576 2063 626 2125 est,
644 2063 674 2110 ut
689 2061 782 2127 petere
797 2053 863 2110 milri
883 2053 981 2124 liceat„
994 2061 1033 2124 et,
1054 2057 1079 2112 si
1092 2071 1169 2128 agam

208 2149 309 2210 tecum,
333 2139 448 2212 excipias
471 2147 510 2208 tu,
534 2147 565 2192 ut
586 2139 624 2194 ita
639 2137 747 2194 demum
768 2137 833 2192 milri
848 2136 1049 2210 condemneris,
1071 2141 1094 2194 sl
1116 2153 1169 2194 non

207 2225 379 2294 conuenerit,
403 2239 437 2278 ne
460 2237 516 2278 earn
532 2223 674 2296 pecuniam
696 2229 835 2296 peterem,
858 2229 940 2278 nocet
962 2221 1027 2278 milri
1046 2224 1168 2296 exceptio

207 2307 279 2380 pacti
294 2309 438 2376 conueutl3
461 2323 577 2379 namque
592 2305 836 2362 nihilominus-hoo
851 2322 946 2362 uerum
961 2315 1069 2380 manet,
1091 2309 1167 2364 etiam

208 2392 231 2446 si
251 2401 347 2466 postea
365 2393 393 2448 in
414 2391 579 2448 contrarium
600 2391 670 2464 pacti
691 2407 799 2456 sumus3
821 2390 869 2446 sed
890 2394 953 2464 quia
974 2392 1099 2466 iniquum
1119 2399 1168 2460 est,

209 2491 251 2533 me
273 2475 379 2532 excludi
402 2476 575 2548 exceptione,
603 2473 744 2547 replicatio
771 2474 836 2530 milri
856 2473 936 2531 datur
956 2491 990 2532 ex
1014 2476 1168 2549 posteriore

283 2675 303 2746 ¹)
318 2678 392 2729 Haec
409 2679 435 2730 Ο.
454 2687 479 2729 et
497 2679 555 2730 edd.
573 2694 624 2730 non
645 2677 753 2734 doben&
774 2681 843 2742 quod
860 2695 921 2729 vero
937 2683 1097 2744 paulopost
1111 2686 1167 2729 ante

210 2765 263 2798 eum
278 2750 318 2798 det
331 2750 425 2800 labent
439 2765 495 2798 s=
505 2751 556 2813 sed,
570 2751 673 2800 uidetur
687 2750 830 2813 aliquando
839 2741 922 2816 ercisq'
932 2759 1085 2814 corruptum
1095 2752 1167 2815 idque

128 2831 131 2836 ·
210 2827 298 2886 nostro
313 2823 369 2871 loco
384 2823 578 2871 restituendum.
630 2817 700 2886 ¹)H.
713 2823 729 2870 l.
739 2819 773 2886 pe
781 2829 844 2884 port
854 2823 945 2875 euitare
961 2823 1096 2872 excidisse
1106 2835 1166 2886 pro·

210 2889 294 2940 catate
308 2897 360 2947 est}
378 2899 437 2942 ante
452 2899 499 2940 tam
514 2891 589 2942 dubet
603 2893 642 2942 ed.
657 2889 705 2956 Bp.
764 2889 785 2958 ⁵)
804 2891 849 2941 Ex
863 2893 1001 2956 quIollw.
1013 2894 1054 2943 ed.
1065 2892 1165 2943 Lucdm.

210 2975 257 3026 epo
271 2962 370 3010 retinui
389 2969 443 3010 cum
460 2963 485 3011 0.
505 2959 555 3011 tum
570 2965 603 3026 ej.
619 2963 733 3014 Momma.
745 2979 841 3028 porum
851 2965 994 3028 perspicuo
1013 2979 1098 3014 senso.
1123 2977 1166 3010 nec

205 3031 298 3095 probo,
318 3031 388 3096 quod
401 3031 485 3099 Krrtp.
504 3035 606 3098 supplet
629 3035 656 3082 in
676 3034 715 3083 ed.
734 3033 824 3084 Stodr
844 3034 1032 3084 dissimolauerit
1052 3033 1097 3102 (et)
1116 3046 1165 3082 cum

210 3101 246 3167 (ei
255 3117 306 3166 per
321 3103 479 3168 cognitorem
492 3119 572 3168 apere
586 3119 638 3154 non
652 3105 751 3163 liceret,
770 3105 852 3154 nihilo
866 3104 959 3170 minus)
979 3120 1024 3168 per
1037 3121 1105 3168 cogn.
1121 3111 1164 3153 etc.

210 3189 268 3222 nam
287 3174 356 3238 quod
375 3173 401 3222 Ο.
420 3173 508 3233 dubet,
531 3175 719 3240 uolucrumque
737 3177 899 3240 exemptionis
920 3191 1007 3226 casum
1030 3183 1128 3240 spectat
1144 3177 1166 3222 et

210 3243 316 3306 sufficit.
344 3244 510 3294 dissimulare
524 3246 701 3308 exceptionem
719 3254 757 3296 eet
771 3249 847 3311 quast
865 3247 983 3312 opposita
1003 3263 1099 3296 revera
1118 3260 1163 3294 non

210 3321 285 3371 esset,
299 3315 427 3363 rationem
440 3317 497 3365 eius
511 3331 562 3366 non
576 3315 679 3366 ludere.

284 3493 309 3563 ᾗ.
322 3501 382 3547 tao,
402 3497 440 3560 Cf.
456 3500 495 3560 ἐξ.
506 3509 540 3550 53.
555 3511 589 3552 ιιι.
604 3512 652 3552 128.
667 3501 699 3551 L.
711 3514 731 3552 a.
748 3503 772 3552 0.
784 3511 848 3553 sent.
859 3519 925 3554 rese.
935 3519 960 3552 n.
967 3519 995 3567 p.
1007 3503 1039 3570 (t,
1048 3503 1094 3571 oo).
1104 3503 1134 3553 t.
1144 3513 1162 3554 ε.

263 3577 296 3615 ra.
314 3567 339 3614 0.
355 3567 387 3615 de
401 3582 458 3616 exc.
474 3568 505 3632 (s,
520 3568 564 3634 eo).
615 3567 641 3638 ξ.
658 3575 717 3624 126.
728 3594 762 3615 =
768 3589 812 3636 pr.
828 3573 849 3623 I.
865 3575 897 3624 de
911 3575 1001 3638 reptio.
1016 3573 1050 3639 (4,
1065 3574 1107 3642 rt).
