2508 3972
210 223 276 288 222
541 241 599 276 esu
617 241 709 276 susm.
729 223 776 276 lv.
797 229 839 278 61.

212 375 276 447 quin
293 375 315 428 si
331 374 392 447 quis
408 374 435 428 in
453 370 578 442 turmula,
595 387 664 445 quoe
679 371 706 428 io
722 371 822 428 iactum
837 371 987 444 composita
1002 380 1061 441 est,
1076 371 1175 445 plures

210 473 255 514 res
270 457 465 530 designamus,
482 471 562 528 quem
577 455 744 529 deposuerit,
758 455 833 511 litem
848 454 953 530 portu,
965 456 1027 528 quia
1042 456 1069 511 in
1083 456 1174 512 intem

138 549 200 600 210.
212 544 286 598 lions
301 541 362 616 plus
378 540 526 615 ’posulisse
541 533 682 598 uidetur.¹
713 569 1174 578 -—————--w—-—
1226 557 1230 564 ·

681 655 846 662 -mss
870 656 927 662 -—--
945 655 1168 662 -ffl———o—-u—-n

821 737 1172 748 mmo—m-

564 827 717 834 ---—-
738 791 782 852 st.
807 787 1082 866 ²Oompensutiones
1101 813 1174 868 quo-

210 898 265 954 que
281 886 431 956 oppositae
444 885 616 954 plerumque
632 881 774 952 effitiunt,
795 887 827 935 ut
847 881 941 936 minus
961 883 1084 952 quisque
1105 895 1174 936 con·

209 974 360 1038 sequatur,
376 983 463 1040 quum
478 970 507 1022 ei
519 966 686 1022 delebatur.
702 965 754 1020 ·In
776 963 868 1020 donae
882 965 952 1036 fidei
966 967 1040 1020 enim
1055 966 1174 1021 iudiciis

209 1067 274 1108 curn
292 1052 385 1108 litera
402 1057 536 1122 potestas
553 1051 684 1121 permitti
705 1050 840 1105 uidemur
859 1049 949 1104 iudici
969 1063 1008 1105 ecc
1031 1064 1127 1122 aequo
1142 1056 1238 1116 eiust]

282 1225 303 1293 ¹)
316 1227 474 1278 Sententiam
495 1226 586 1278 asset.
602 1227 725 1290 perfecit.
754 1225 785 1275 In
801 1240 829 1289 p.
849 1237 896 1276 sto.
917 1233 940 1274 et
959 1237 1006 1276 211.
1024 1226 1086 1289 fere
1105 1227 1172 1276 nittt

208 1301 260 1366 lepi
269 1301 364 1364 potuit.
392 1298 461 1359 Quid
468 1300 586 1362 perierit,
596 1299 731 1347 aestimari
738 1303 824 1360 potest
833 1311 868 1347 cn
877 1311 915 1355 eo,
926 1297 995 1360 quod
1004 1297 1055 1346 iam
1065 1299 1095 1346 in
1104 1297 1170 1348 Just.

209 1371 272 1421 Insl.
287 1372 405 1435 sequitur
424 1372 462 1419 lit.
482 1370 514 1419 de
533 1376 584 1420 act.
599 1367 631 1433 (s,
644 1367 677 1432 o).
697 1369 721 1429 ξ.
736 1379 770 1420 so.
792 1364 869 1419 ‘Saul
883 1373 1025 1431 praeterea
1043 1367 1172 1432 quaedam
1245 1421 1246 1428 ἶ

208 1445 335 1500 actiones,
359 1441 450 1506 quibus
470 1455 521 1490 nou
541 1455 640 1502 semper
658 1440 781 1496 solidum,
804 1437 872 1502 quod
890 1437 964 1488 nobis
982 1437 1104 1498 debetur,
1124 1441 1172 1488 sed
1245 1437 1246 1496 ζ

208 1513 280 1563 modo
299 1513 409 1562 solidum
429 1513 620 1575 consequimur,
642 1510 715 1559 modo
735 1511 825 1558 minus.
859 1507 980 1566 Ulcere,
1001 1509 1026 1557 si
1044 1510 1072 1558 iu
1088 1525 1171 1574 pecu·
1245 1511 1246 1594 f

208 1585 269 1632 lium
280 1584 332 1646 filii
345 1583 450 1631 seruiue
466 1595 587 1646 apamus;
602 1595 660 1628 nane
674 1582 698 1628 si
712 1595 763 1629 non
777 1581 861 1628 minus
875 1581 902 1628 in
913 1581 1019 1646 peculio
1036 1581 1079 1640 sit,
1095 1592 1170 1645 quarn
1245 1597 1246 1640 1

203 1650 397 1718 persequimur,
416 1655 443 1701 in
463 1653 573 1701 solidum
586 1657 666 1715 pater
684 1651 834 1701 dominusue
849 1651 1048 1708 condemnatum
1067 1652 1093 1699 si
1107 1666 1171 1701 uero

207 1727 291 1774 minus
305 1726 451 1782 inuenitur,
470 1723 595 1773 hactenus
609 1722 760 1772 condemnat
774 1723 866 1780 iudex,
886 1728 1011 1786 quatenus
1025 1723 1052 1770 in
1063 1724 1171 1786 peculio

206 1799 255 1852 sit;
278 1795 485 1860 quemadmodum
508 1801 592 1844 aulem
606 1794 738 1857 peculium
756 1794 868 1857 intellipi
885 1791 988 1850 debeat,
1009 1806 1056 1844 suo
1075 1794 1171 1844 ordine

202 1881 377 1931 proponemus
395 1864 441 1928 (cf.
459 1878 485 1925 4,
504 1876 538 1918 ts·
554 1864 598 1930 ts).
626 1866 649 1926 ὅ.
664 1876 698 1918 st.
717 1863 781 1927 Item
799 1865 823 1914 si
841 1863 873 1912 de
887 1863 945 1912 dote
961 1863 1061 1914 iudicio
1075 1865 1169 1916 mulier

206 1944 276 2004 apat,
288 1939 384 2000 placei,
394 1936 518 1986 hactenus
527 1937 646 1985 maritum
656 1935 823 1984 condemnari
832 1933 932 1994 debere,
943 1940 1069 1999 quatenus
1075 1934 1170 1997 faeere

202 2009 295 2070 possit,
311 2007 399 2065 idest,
418 2014 543 2070 quatenus
555 2007 696 2069 facultates
715 2007 770 2054 eius
784 2006 931 2069 patiuntur.
960 2007 1047 2069 itaque
1060 2007 1086 2054 si
1100 2005 1170 2056 dotis

207 2078 348 2142 quantitati
366 2083 526 2126 concurrant
542 2077 684 2140 facultates
706 2077 774 2135 eius,
797 2078 824 2124 in
843 2075 953 2125 solidum
971 2075 1128 2134 damnatum
1145 2078 1169 2125 si

206 2149 301 2209 minus,
321 2149 473 2206 intantum,
493 2155 614 2212 quantum
630 2147 723 2210 facere
738 2153 830 2210 potest.
867 2146 980 2210 Propter
998 2147 1169 2197 retentionem

207 2234 305 2284 quoque
319 2219 389 2269 datis
402 2219 522 2282 repetitio
537 2219 676 2267 minuitur:
694 2233 752 2266 nam
771 2217 802 2268 ab
821 2219 949 2280 impensas
963 2218 991 2266 in
1009 2231 1053 2266 res
1067 2217 1169 2268 dotales

204 2292 293 2354 factas
313 2291 407 2339 morito
428 2291 538 2339 retentio
559 2302 682 2339 concessa
701 2295 751 2346 est,
773 2290 834 2353 quia
857 2290 913 2352 ipso
932 2289 990 2337 iure
1009 2290 1168 2338 necessariis

205 2359 346 2425 sumptibus
367 2361 414 2410 dos
434 2362 571 2419 minuitur,
597 2361 666 2408 sicut
690 2374 725 2408 eu
745 2357 884 2409 latioribus
904 2357 1071 2424 Digestorum
1092 2359 1168 2408 libris

206 2447 363 2497 copncsccre
377 2433 455 2482 liceat
469 2431 515 2496 (ef.
535 2430 590 2494 Ulp.
605 2442 626 2482 s.
642 2436 667 2478 et
680 2429 769 2479 Boetle.
785 2429 821 2478 ad
836 2430 888 2479 ilic:
907 2428 967 2494 Top.
982 2441 1017 2489 tt,
1031 2441 1066 2480 os.
1079 2446 1107 2494 p.
1118 2442 1166 2482 sts.

209 2501 252 2551 Or.
273 2517 344 2567 quem
363 2518 427 2566 quae
445 2503 529 2551 tradit
546 2503 578 2550 de
596 2503 637 2550 rei
655 2502 768 2550 uxoriae
786 2503 888 2552 actione
906 2515 941 2550 cx
958 2500 1007 2550 doc
1029 2500 1092 2549 Gaii
1111 2503 1166 2552 loco

205 2575 325 2623 sumsisse
340 2573 464 2623 credibile
479 2572 535 2638 est).
559 2574 583 2634 ς.
598 2583 632 2622 ss.
651 2570 704 2621 Sed
717 2579 742 2620 et
755 2573 779 2621 si
793 2572 851 2636 quis
865 2577 1044 2635 comparente
1057 2585 1166 2636 suopa·

206 2653 315 2696 tronoue
329 2652 398 2710 apat,
414 2647 473 2693 item
486 2646 511 2693 si
524 2645 611 2694 socius
625 2659 682 2692 cum
694 2643 766 2692 socio
776 2643 875 2692 iudicio
885 2643 1019 2692 societatis
1028 2649 1099 2708 apat,
1114 2659 1166 2693 non
1244 2699 1245 2714 χ

202 2719 265 2779 plus
278 2723 353 2766 actor
368 2717 542 2780 consequitur,
557 2729 631 2779 quam
641 2714 813 2763 aduersarius
822 2715 878 2762 eius
885 2713 1086 2777 facerepotest,·
1100 2714 1166 2763 idem

205 2793 251 2844 esi,
266 2789 290 2835 si
304 2789 361 2850 quis
375 2801 409 2835 eae
423 2787 561 2836 donatione
574 2800 623 2834 sua
637 2786 816 2835 conueniatur.
849 2786 872 2846 ξ.
887 2796 921 2836 ss.
943 2784 1166 2848 Compensatioues
1244 2781 1245 2810 ³

206 2871 304 2922 quoque
320 2859 453 2920 oppositae
464 2859 614 2922 plerumque
628 2855 753 2919 efficiunt,
768 2863 796 2904 ut
810 2857 893 2904 minus
907 2855 1014 2920 quisque
1024 2870 1166 2920 consequa·
1244 2851 1245 2866 ¹

205 2929 257 2986 iur,
274 2942 348 2992 quam
363 2929 388 2976 ei
402 2927 555 2976 debebatur:
576 2941 683 2990 namque
697 2942 732 2975 eu
745 2938 826 2991 aequo
841 2933 866 2975 et
879 2924 1047 2976 tono-intua
1061 2927 1166 2976 ratione

205 3000 272 3060 eius,
291 2998 361 3063 quod
378 2999 488 3048 inuicem
503 3005 616 3048 actorem
629 3012 664 3047 eu
678 2998 764 3046 eadem
780 3011 860 3048 causa
870 3003 1010 3060 praestare
1024 3004 1164 3061 oporteret,

204 3072 232 3119 in
247 3071 373 3134 reliquum
388 3083 451 3130 eum,
467 3085 523 3119 cum
537 3084 586 3133 quo
599 3075 684 3118 a'clum
693 3075 739 3126 est,
755 3068 914 3126 condemnat,
928 3068 997 3118 sicut
1006 3069 1057 3116 iam
1066 3068 1164 3118 dictum

204 3138 262 3191 est'
287 3143 315 3203 ὲ.
330 3152 374 3201 to,
389 3156 454 3206 quae
465 3141 579 3204 pertinet
593 3139 760 3189 adbouorum
770 3140 917 3198 cessionem,
932 3138 1097 3188 Iustinicnus
1107 3141 1165 3189 loco

204 3213 368 3262 deductionis
378 3209 427 3277 (ξὲ.
435 3211 543 3274 stt—ts),
553 3226 619 3275 quae
628 3211 686 3259 item
696 3211 859 3260 decoctorum
869 3210 1046 3260 condicionem
1055 3215 1164 3273 spectat,

200 3285 321 3346 posuisse
335 3290 360 3332 et
373 3284 480 3332 aliunde
493 3284 613 3332 sumsisse
628 3281 773 3332 credendus
787 3288 832 3331 est.
891 3277 910 3347 ¹)
924 3279 1031 3330 Initium
1045 3279 1123 3330 iuius
1137 3281 1164 3341 §i

204 3354 288 3417 refeci
301 3369 335 3403 eu
350 3355 373 3415 5.
387 3365 421 3405 ss.
437 3354 510 3404 modo
525 3355 647 3418 allepata,
658 3354 754 3416 paucis
768 3353 872 3401 mutatis
886 3367 920 3400 eu
935 3353 957 3413 9.
973 3363 1008 3402 so.
1022 3349 1044 3400 I.
1060 3352 1119 3402 eod.

275 3508 300 3580 5.
316 3514 358 3563 61.
385 3512 423 3574 Of.
442 3513 482 3573 ii.
497 3523 531 3564 so.
546 3523 580 3562 ss.
604 3510 626 3560 I.
645 3511 678 3560 de
696 3518 746 3560 aet.
762 3511 793 3575 (4,
812 3509 844 3576 s).
879 3509 931 3560 Cic.
951 3509 983 3558 de
1002 3509 1071 3572 offe.
1086 3520 1108 3569 s,
1128 3519 1160 3559 tt.

205 3582 227 3642 ἓ.
244 3593 276 3632 to.
298 3582 374 3631 Paul.
389 3591 411 3640 s,
426 3591 446 3631 t.
461 3583 485 3642 ἓ.
500 3593 521 3634 ³.
