2464 3978
291 212 293 216 ⁷
338 206 418 262 „cun
436 206 527 242 marm.
547 186 594 240 111.
614 193 728 244 85-88.
965 185 1026 249 161

69 335 189 406 bueriht,
205 335 268 394 licet
282 353 371 410 neque
386 345 462 410 pater
477 335 621 410 adoptiuus
637 343 761 392 teneatur
775 351 863 408 neque
878 336 1030 409 coemptio·

70 427 158 496 nator,
174 435 267 494 neque
282 422 340 494 ipse
356 419 473 494 quidem,
488 421 535 494 qui
549 420 588 476 'se
604 423 632 476 ei
645 421 672 475 in
687 411 879 492 adoptionem¹
896 418 969 476 dedit
981 416 1040 475 uel

71 505 180 577 quaein
196 520 303 562 manum
319 506 462 576 conuenit,
484 512 590 560 maneat
610 503 747 578 obligatus
770 502 942 578 obligataue,
965 505 1027 576 qrria

69 582 201 646 scilicet²
221 605 270 663 per
290 590 385 663 capitis
405 589 612 646 diminutionem
632 587 778 658 liberetur,
804 595 894 644 tamen
916 589 944 643 in
965 604 1027 643 eum

22 688 159 736 recreamue
181 671 254 729 utilis
274 675 352 730 actio·
365 673 445 730 datur
464 672 578 729 rescissa
598 668 603 750 l
623 673 717 746 capitis
738 671 938 742 deminutione,
960 679 986 728 et
1002 673 1100 730 silbo.

69 756 201 814 aduersus
216 757 287 814 hauc
307 759 439 814 actionem
459 775 515 814 non
535 756 731 828 defendantur,
753 772 821 830 quae
842 755 911 812 bona
930 772 1027 812 eorum

69 840 156 898 lutura
180 841 313 913 luissent,
333 843 357 898 si
376 858 407 898 se
422 841 510 898 alieno
533 843 585 898 iuri
605 857 659 898 non
680 840 879 912 subiecissent,
901 842 1028 896 uniuersa

71 926 186 982 uendere
201 926 381 982 creditoribus
396 933 506 1000 praetor
521 917 686 1000 perrnittit.³

129 1005 180 1068 85.
215 1010 288 1067 Item
314 1014 340 1067 si
363 1011 449 1068 berea
474 1009 621 1084 legitimam
640 1010 843 1081 hereditatem,
870 1016 1027 1084 antequam

70 1103 165 1150 cernat
181 1103 229 1150 aut
243 1111 293 1168 pro
310 1095 408 1152 herede
424 1102 518 1170 gerat,
539 1093 586 1152 alii
599 1095 627 1152 iu
641 1095 700 1152 iure
715 1093 810 1166 cedat,
825 1092 907 1167 pleno
921 1095 981 1150 lure
997 1091 1029 1151 m

68 1177 110 1234 ille
121 1177 212 1244 heres,
225 1178 268 1234 cui
280 1195 356 1236 cessa
367 1189 410 1236 est
421 1178 566 1245 hereditas,
576 1181 700 1252 perinde
713 1195 749 1238 uc
760 1182 787 1236 si
796 1181 859 1251 ipse
868 1195 926 1251 per
937 1177 1025 1252 legem

68 1262 98 1318 ad
112 1262 290 1319 hereditatem
306 1271 465 1332 uocaretur;
485 1263 583 1336 quodsi
599 1271 774 1337 posteaquam
797 1263 875 1318 heres
896 1265 1027 1334 extiterit,

68 1347 194 1418 cesserit,
217 1345 304 1404 adhuc
324 1347 404 1404 heres
426 1357 515 1402 manet
536 1355 564 1403 et
579 1346 613 1404 oh
635 1346 661 1402 id
683 1345 863 1404 creditoribus
879 1347 937 1420 ipse
953 1355 1029 1403 tene·

66 1423 156 1506 bitum
177 1431 226 1486 sed
242 1447 286 1486 res
301 1431 456 1506 corporales
478 1432 624 1488 transferet
644 1431 758 1504 proinde
779 1447 809 1488 ac
824 1431 846 1485 si
861 1430 983 1504 singulas
999 1432 1028 1486 in

69 1515 123 1570 iure
133 1516 275 1587 cessisset,
287 1515 376 1572 debita
387 1532 454 1572 uero
466 1525 592 1589 pereunt,
605 1531 693 1588 ecque
706 1514 787 1572 modo
800 1514 937 1572 debitores
949 1515 1028 1572 bere·

69 1597 157 1656 ditarii
168 1599 277 1656 lucrum
293 1599 403 1658 iaciunt.
439 1595 489 1657 86.
512 1599 584 1656 Idem
600 1601 667 1656 iuris
683 1608 736 1672 est,
751 1601 775 1654 si
786 1607 949 1656 testamento
962 1601 1028 1656 sori·

70 1690 129 1754 ptus
144 1683 241 1754 heres,
257 1693 432 1758 posteaquam
449 1685 528 1740 heres
544 1685 680 1754 extiterit,
701 1685 728 1740 in
743 1686 802 1740 iure
818 1686 933 1740 cesserit
948 1684 1028 1740 here·

70 1765 194 1837 ditatem;
222 1773 285 1824 ante
305 1768 403 1826 aditam
430 1785 497 1824 uero
523 1768 699 1828 hereditatem
721 1766 843 1824 cedendo
869 1767 936 1823 nibil
961 1770 1027 1841 agit.

70 1845 113 1908 87.
134 1851 209 1909 Suus
225 1859 314 1908 autem
330 1861 357 1908 et
372 1853 540 1910 necessarius
554 1849 590 1928 (et
605 1845 822 1926 neccesarius)⁴
837 1852 916 1908 heres
933 1868 966 1908 an
981 1851 1028 1907 ali·

72 1936 134 2007 quid
148 1930 265 2010 'agant4
282 1939 309 1992 in
324 1938 383 1993 iure
399 1935 534 2008 cedendo,
556 1937 712 2011 quaeritur:
735 1937 822 1992 nostri
836 1945 1028 2012 praeceptores
1120 1967 1123 1974 ,

72 2019 132 2076 nibil
148 2035 200 2076 eos
216 2037 297 2094 agere
313 2022 479 2090 existimare
495 2021 623 2078 diuersae
635 2021 745 2078 scholae
757 2029 883 2078 auctores
896 2020 965 2078 idem
979 2037 1026 2078 eos

71 2119 146 2176 agere
161 2113 272 2178 putant,
289 2105 362 2178 quod
378 2107 461 2162 ceteri
476 2114 541 2179 post
556 2105 652 2162 aditam
665 2105 858 2169 hereditatem
875 2105 942 2162 nihil
956 2107 1026 2162 enim

72 2188 196 2260 interest,
210 2197 302 2246 utrum
318 2189 413 2264 aliquis
429 2189 567 2247 cernendo
581 2197 628 2246 aut
639 2207 689 2265 pro
701 2189 801 2248 herede
812 2189 934 2264 gerendo
948 2191 1027 2246 heres

73 2268 124 2344 hat,
140 2289 173 2328 an
191 2273 257 2328 iuris
272 2277 432 2330 necessitate
448 2274 591 2331 hereditati
606 2267 816 2349 adstringatur.⁵
835 2267 840 2350 Ι

128 2353 178 2416 88.
193 2357 289 2414 iluna
310 2365 493 2415 transeamus
512 2359 544 2414 ad
568 2357 764 2434 obligationes,
786 2374 900 2431 quarum
921 2373 1025 2414 summa
1038 2376 1098 2425 151.

140 2523 159 2590 ¹)
175 2539 203 2572 se
222 2526 291 2575 adem
306 2528 452 2590 inoptionem
473 2527 500 2576 V
501 2523 529 2578 ³⁶.
558 2530 660 2577 incerto
679 2529 761 2593 ipiiur
779 2543 801 2576 o.
818 2528 839 2575 ei
855 2529 931 2576 etium
946 2529 1028 2576 omitti

70 2602 154 2656 potest.
223 2591 344 2663 ²)I)udio
363 2601 498 2663 scriptura
514 2600 630 2663 fortusse
641 2600 695 2663 fuit
715 2605 766 2647 scet
780 2599 800 2646 si
817 2619 850 2640 =
865 2598 957 2646 scilicet
972 2595 1027 2663 (ub-

73 2667 180 2717 undante
194 2666 227 2734 si)
240 2677 287 2718 aut
300 2669 335 2718 scl
350 2671 412 2719 ethi
426 2691 460 2713 =
475 2669 568 2719 scilicet
583 2677 607 2718 et
620 2671 645 2718 bi
660 2668 790 2736 (aequente
804 2667 955 2734 liberentur).

75 2731 163 2801 ³)Non
177 2739 229 2790 duc
248 2755 338 2789 uersus
357 2743 453 2791 litteris
471 2743 549 2790 uacui
565 2747 720 2805 sequuntur,
740 2745 768 2788 ut
785 2739 917 2789 ddecdeno
936 2741 1027 2802 uisum,

73 2808 193 2859 sedunus
207 2809 330 2861 rubricae
345 2813 496 2864 destinatus.
526 2814 553 2861 iu
567 2815 651 2862 altero
670 2819 694 2861 et
709 2817 800 2875 postea
820 2825 884 2875 quae
903 2812 955 2876 tepi
975 2826 1027 2860 non

71 2885 217 2940 potuerunt,
233 2882 269 2930 ud
285 2896 386 2932 sensum
399 2900 434 2934 ece
453 2885 480 2933 V
481 2879 501 2916 st
518 2885 643 2947 supplevi.
673 2883 788 2932 Ceterum
807 2883 838 2931 de
853 2893 873 2939 a,
888 2891 976 2933 eo-tt
991 2882 1026 2945 cf.

75 2949 99 2996 in
111 2952 222 3014 praefui.
241 2968 269 3015 p.
282 2965 327 3004 162.
343 2954 422 3004 dicto.
489 2951 510 3020 ⁴)
525 2960 579 3016 agat
590 2954 615 3008 0.
625 2955 695 3004 unde
704 2955 736 3003 de
750 2955 855 3018 culpari
864 2955 1028 3003 correctione

75 3028 140 3080 agant
157 3029 182 3071 et
199 3023 231 3071 de
249 3027 421 3088 supplemento
440 3027 509 3090 quod
531 3026 670 3076 seeundum
689 3024 857 3074 trimembrem
876 3025 1028 3073 diuisionem

76 3099 94 3146 t,
107 3101 151 3142 tut.
171 3093 264 3143 addidi
283 3103 308 3146 et
325 3111 392 3145 anne
407 3099 497 3160 potius
511 3104 603 3160 postea
618 3111 670 3160 pro
691 3111 732 3144 eos
752 3095 790 3144 bie
808 3094 972 3145 scribendum
992 3095 1027 3142 ait

76 3173 132 3220 eum,
146 3164 262 3214 dubitari
270 3168 371 3229 poseit;
388 3168 435 3217 sed
453 3170 522 3218 notio
542 3169 568 3216 in
584 3169 636 3230 flne
658 3167 749 3216 additu
765 3167 897 3216 lectionem
912 3171 1027 3214 nostram

76 3230 209 3295 confirmat.
289 3235 310 3303 ὅ)
325 3236 448 3302 Sequitur
462 3241 531 3288 linea
546 3253 601 3288 cum
615 3239 745 3304 sequentia
763 3254 785 3286 u.
801 3237 888 3292 initio,
908 3251 942 3284 em
962 3234 1027 3284 Inat.

77 3307 192 3366 suppleto,
206 3309 405 3359 litterienucua.
546 3370 555 3392 ι

141 3472 184 3544 §5-
199 3479 312 3542 ito—87.
338 3478 376 3542 Of.
392 3489 413 3540 e,
427 3488 523 3530 aa—at.
588 3473 632 3546 §b-
648 3479 690 3529 88.
705 3477 747 3527 89.
770 3476 808 3538 Os.
821 3491 863 3539 pr.
877 3477 900 3538 §-
916 3486 936 3526 ε.
956 3474 978 3524 Ι.
994 3475 1026 3524 de

78 3542 245 3614 oblip.(t,1a).
265 3548 335 3612 Epit.
350 3560 371 3606 2,
385 3561 452 3613 apr.
467 3549 498 3598 L.
515 3562 534 3599 1.
546 3565 589 3613 pr.
605 3550 628 3611 ξ.
640 3561 660 3598 1.
680 3547 712 3596 D.
728 3548 759 3596 de
774 3545 822 3597 cdl.
837 3555 862 3596 et
876 3554 926 3596 aet.
938 3545 982 3613 (44,
994 3545 1028 3612 t).

127 3639 207 3686 (dms.
780 3638 812 3687 ll
