2496 3984
360 184 361 188 ¹
405 209 462 244 cnm
481 209 572 244 msam.
592 191 613 244 Ι.
631 197 700 245 132.¹
982 189 1024 254 59

36 341 203 414 cipatione
227 340 355 397 desinunt
379 340 457 404 libeni
484 342 511 396 in
535 347 673 413 potestate
692 341 846 413 parentium
870 354 946 394 esse‘
983 348 1025 394 set

34 424 135 480 tilius
154 424 262 498 quidem
284 423 370 480 trihus
391 423 648 499 mancipationibus,
671 425 754 480 ceteri
772 438 837 478 uero
852 421 945 491 libeni,
968 420 1026 480 siue

39 509 210 566 masculini
226 525 306 565 sexus
322 511 381 564 siue
392 508 523 578 feminini,
539 524 591 564 uno
608 507 802 581 mancipatione
818 512 917 562 exeunt
932 505 965 562 de
980 523 1025 579 pa·

40 593 185 656 rentium
201 601 352 666 potestate:
375 592 417 648 iai
433 594 504 650 onim
518 608 565 650 xn
581 591 730 648 tabularum
746 598 851 648 tantum
867 591 894 648 in
909 605 1025 663 persona

45 677 117 733 filii
138 677 173 732 de
194 675 281 732 tribus
302 677 543 750 mancipationibus
563 677 687 748 loquitur
706 677 748 732 itis
768 673 870 733 uerbis:
894 673 927 730 ‘si
947 683 1025 748 pater

43 758 129 835 (ter)
147 759 233 816 tiliam
254 777 354 816 uenum
370 761 444 832 duit,
463 760 534 818 filius
551 756 588 833 (a)
609 769 685 834 patre
705 758 774 816 liber
788 752 885 816 esto’.¹
932 775 1025 831 eaque

41 863 104 902 res
126 845 165 900 ita
189 847 295 918 agitur:
316 847 450 918 mancipat
469 855 546 919 pater
566 843 649 900 filium
670 845 764 913 aiicui3
785 845 807 900 is
829 859 891 898 eam
905 842 1024 901 uindicta

47 931 248 986 manumittit:
271 945 304 985 eo
327 929 398 986 iacto
418 931 567 986 reuertitur
581 929 608 984 in
624 937 787 1002 potestatem
802 929 903 1000 patris3
923 929 947 982 is
963 943 1024 984 eum

43 1017 162 1070 iterum
189 1015 322 1086 mancipat
347 1013 390 1069 uel
418 1013 503 1070 eidem
525 1013 567 1068 uei
588 1013 632 1070 alii
655 1010 708 1086 (set
731 1014 912 1083 muscast,
938 1011 1024 1068 cidem

47 1095 219 1172 mancipari)
240 1099 317 1171 isque
345 1113 407 1154 eum
427 1107 522 1170 postea
544 1098 671 1155 similiter
692 1099 817 1155 uindicta
842 1100 1023 1164 manumittit,

50 1201 118 1254 quo
136 1183 214 1238 iacto
231 1199 295 1238 eum
311 1197 413 1238 rursus
435 1183 462 1238 in
485 1191 647 1255 potestatem
671 1184 758 1254 patris
773 1179 856 1236 inerit
869 1175 1024 1253 reuersus‚²

58 1268 147 1322 tertio
172 1274 252 1340 pater
278 1283 338 1322 eum
365 1267 500 1339 mancipat
529 1265 572 1321 uei
599 1266 685 1322 eidem
714 1265 758 1321 uei
780 1266 825 1320 aiii
848 1263 902 1336 (set
924 1265 1025 1322 hocin

61 1367 119 1406 usu
141 1361 198 1421 est,
221 1359 252 1406 ut
274 1350 361 1407 eidem
384 1349 567 1422 mancipetur)
590 1366 682 1420 eaque
704 1351 902 1422 mancipatione
924 1351 1025 1407 desinit

54 1441 88 1491 in
110 1442 252 1506 potestate
273 1439 365 1506 patris
386 1451 463 1504 esse,
493 1435 597 1490 etiamsi
623 1434 742 1490 nondum
771 1434 950 1490 manumissus
977 1436 1023 1506 sit,

53 1529 100 1576 set
131 1519 222 1575 adhuc
250 1519 378 1574 incansa
406 1520 530 1592 mancipii
553 1511 610 1596 {³-

135 1687 157 1756 1)
172 1689 219 1738 En
237 1685 300 1747 Ν,-
318 1705 341 1736 υ.
356 1687 567 1754 te1·pestpn(ter)
582 1691 749 1738 uerisimilius
762 1690 864 1740 caecidit
877 1703 952 1752 quam
962 1698 1023 1752 past

51 1764 305 1824 tilium;quanquam
319 1759 374 1822 Uip.
383 1771 446 1817 10,1.
461 1761 613 1810 accuratius
622 1759 700 1808 uerba
710 1761 774 1824 lepis
782 1762 902 1810 retulisse
911 1761 1022 1810 uidetur.

54 1831 144 1900 ²)En
165 1830 191 1880 V
193 1825 214 1861 Β*
227 1833 263 1880 ita
278 1833 351 1879 iocus
364 1831 520 1892 reficiendas
535 1829 678 1878 uidebatur.
736 1827 756 1895 ³)
774 1830 846 1878 Nihil
858 1831 917 1894 fere
932 1832 958 1879 in
973 1831 1022 1880 hae

46 1905 162 1970 papiria
178 1903 228 1966 lepe'
243 1903 342 1965 potuit,
357 1899 532 1960 neeaSiud.‚
547 1901 600 1949 nisi
614 1917 636 1949 u.
652 1913 685 1950 12.
713 1899 895 1967 m(ann)missae
910 1902 1023 1950 suerints
1048 1908 1050 1912 '

50 1984 79 2024 et
92 1975 216 2038 fortasse
230 1979 307 2021 antea
321 1989 343 2020 a.
359 1984 376 2022 c
403 1972 464 2020 ratio
476 1971 580 2020 inbonis
596 1969 788 2038 inmerserunt),
804 1979 832 2020 ut
844 1971 925 2020 Gaius
938 1972 981 2022 itia
992 1973 1023 2020 de

53 2049 121 2095 iure
130 2045 222 2108 patris
235 2045 438 2106 emancipataris
453 2045 479 2091 in
494 2041 573 2092 bonis'
582 2045 738 2106 emancipati
747 2043 833 2092 eadem
845 2044 904 2106 fere
914 2059 946 2093 aa
956 2045 1024 2108 quod

52 2115 246 2166 manumissent
260 2115 287 2162 in
303 2113 375 2164 bonis
390 2113 477 2164 liberti
486 2116 613 2178 competit,
628 2115 712 2179 spisse
721 2114 849 2173 uideatur,
859 2122 952 2177 postea
962 2129 1023 2164 uero

51 2191 89 2238 de
110 2185 201 2236 eodem
221 2186 436 2248 emancipationis
457 2192 601 2234 ceterarum
622 2192 733 2248 praeter
749 2187 832 2248 sitium
849 2200 1023 2248 personarum

52 2263 127 2316 iure,
143 2255 189 2304 uhi
202 2272 254 2304 ama
268 2257 433 2305 manumissio
446 2255 599 2319 sufficiebat.
624 2256 693 2320 quad
702 2257 791 2318 firmat
806 2255 867 2305 Gaii
880 2258 940 2318 epit,
968 2255 1022 2304 Ita-

53 2345 108 2394 que
126 2325 157 2376 vin
171 2329 265 2390 priore
279 2328 395 2390 papinae
410 2333 488 2390 parte
507 2328 582 2376 initio
601 2325 755 2392 sequebatur
766 2327 839 2390 fere:
859 2321 941 2389 ‘apud
959 2342 1022 2384 eum,

51 2403 105 2451 cui
118 2399 283 2460 mancipatus
297 2404 342 2446 est.
371 2413 387 2445 a
402 2399 490 2462 quasi
503 2413 597 2447 rursus
610 2399 816 2454 manumittatur,
835 2399 878 2446 sui
892 2399 959 2446 iuris
969 2393 1021 2460 fit’.

55 2472 166 2520 Rursus
179 2468 244 2518 iaec
263 2483 328 2532 quae
343 2470 502 2531 exceperint,
517 2469 640 2533 copnasei
654 2469 704 2516 iam
719 2475 790 2517 certo
804 2475 891 2530 potest
912 2483 946 2516 eae
963 2467 1023 2517 Gaii

52 2544 121 2606 epit.
137 2553 159 2600 1,
174 2551 193 2590 6.
209 2541 233 2601 5.
248 2551 261 2590 c
275 2539 352 2588 mea:
369 2535 475 2588 ‘Tanten
490 2555 546 2589 cum
561 2541 637 2588 tertio
651 2540 813 2601 mancipatus
824 2539 909 2601 fuerit
919 2540 992 2602 filius
1007 2554 1022 2588 a

52 2619 137 2677 patre
156 2611 274 2660 nnuraia'
289 2611 431 2677 fiduciario
445 2612 533 2674 patri,
553 2609 602 2658 noe
616 2624 695 2674 apere
708 2607 783 2657 debet
795 2610 926 2678 naturalis
934 2616 1022 2672 pater,

57 2691 90 2733 ut
103 2684 130 2732 ei
144 2681 314 2744 ufiduciario
325 2687 403 2744 patre
417 2682 621 2743 remancipetur,
641 2687 666 2728 et
679 2695 696 2728 a
710 2681 828 2728 naturali
841 2686 920 2744 patre
934 2695 1022 2729 manu·

57 2756 189 2811 mittatur,
208 2759 237 2800 at
249 2753 274 2800 si
285 2753 357 2814 fitius
372 2753 415 2800 iiie
429 2759 545 2801 mortuus
556 2752 648 2815 fuerit,
664 2753 689 2799 ei
702 2752 729 2800 in
740 2750 883 2800 hereditate
893 2753 1023 2800 naturalis

52 2832 147 2890 pater,
158 2838 209 2872 non
219 2823 389 2886 fiduciarius,
399 2823 529 2872 succedat.
559 2821 679 2872 Feminae
694 2823 735 2870 uel
749 2828 852 2885 nepotes
866 2823 976 2871 masenii
989 2837 1024 2870 eae

56 2898 116 2950 lilio
132 2911 185 2942 una
198 2895 402 2957 emancipatione
424 2893 455 2942 de
465 2894 554 2957 patris
573 2895 614 2942 uei
627 2893 674 2942 aui
687 2900 783 2942 exeunt
796 2900 925 2956 potestate
944 2901 969 2942 et
981 2895 1024 2941 sui

60 2968 132 3015 iuris
145 2966 305 3028 efficiuntur.
329 2963 364 3012 Et
377 2963 405 3012 iti
419 2965 471 3027 ipsi
485 2963 622 3027 quamlibet
631 2980 683 3014 una
694 2965 883 3027 mancipatione
893 2964 925 3012 de
935 2965 1023 3027 patris

61 3040 105 3086 uel
114 3037 161 3086 aui
166 3042 296 3100 potestate
306 3042 408 3092 exeant,
420 3036 472 3084 nisi
481 3051 497 3082 a
503 3042 583 3098 patre
589 3035 733 3098 fiduciaria
743 3036 915 3097 remancipati
922 3035 1024 3098 fuerint

60 3115 88 3157 et
102 3123 118 3157 a
133 3108 252 3156 naturali
261 3112 340 3169 patre
354 3107 515 3162 manumissi,
534 3106 674 3155 succedere
688 3107 726 3154 eis
740 3107 870 3154 naturalis
880 3113 958 3170 pater
972 3120 1023 3154 non

57 3185 154 3242 potest,
169 3179 221 3226 nisi
231 3177 397 3240 fiduciarius,
408 3192 424 3224 a
435 3191 484 3240 quo
493 3178 644 3225 manumissi
652 3183 719 3226 sunt.
745 3175 809 3225 Nam
824 3177 848 3226 si
861 3177 1022 3238 remancipa-

63 3256 115 3298 tum
122 3247 236 3298 cumsiii
243 3248 374 3304 naturalis
380 3255 458 3310 pater
466 3249 508 3296 uei
516 3262 583 3296 auus
591 3248 774 3305 manumiserit,
782 3249 837 3309 ipse
847 3248 903 3294 eius
914 3248 942 3294 in
950 3247 1022 3294 iere-

62 3320 146 3368 ditate
159 3315 298 3370 succedit’.
329 3318 367 3381 Cf.
383 3320 405 3379 ἓ.
421 3329 441 3368 6.
461 3317 483 3366 Ι,
499 3317 566 3382 quii.
585 3319 650 3368 mod.
666 3319 706 3368 ius
721 3325 776 3382 pot.
791 3319 863 3376 selu,
878 3316 946 3366 verb.
977 3313 1023 3364 ‘Et

69 3479 124 3542 Uip.
140 3490 175 3536 ιο,
190 3491 210 3528 1.
225 3481 249 3540 §-
265 3490 285 3529 o.
300 3477 323 3526 I.
339 3476 405 3540 quib.
421 3478 486 3526 med.
502 3479 520 3525 i.
538 3485 593 3540 pot.
608 3479 671 3526 sota.
687 3475 723 3542 (1,
739 3475 788 3541 12);
808 3476 881 3539 infra
900 3477 923 3537 §-
939 3487 986 3528 185.
1001 3487 1021 3530 a,

64 3562 111 3600 141.
126 3561 147 3607 s,
163 3561 211 3600 ca
234 3560 268 3599 aa.
287 3547 395 3612 Dionys.
411 3560 432 3605 e,
447 3559 480 3598 aa.
