2496 3984
400 184 458 258 oen
476 225 568 258 morin.
588 205 609 258 Ι.
630 212 742 261 'tt-76.
1007 207 1051 270 45

86 363 225 426 tamquam
242 353 315 426 quod
330 353 363 409 ml
379 355 481 410 erroris
493 371 605 428 quoque
622 367 626 414 t
644 371 764 411 eausam
776 354 941 428 probandam
957 356 1051 413 'aunt'-

85 441 181 494 culum
197 440 288 509 {ilium
310 435 413 496 iactum
432 454 550 496 necesse
565 443 601 496 sit
606 431 632 502 ,·¹
650 448 654 500 Ι
676 438 738 494 ’sed
754 456 812 494 uon
833 453 947 510 semper
962 439 1051 497 uideri

86 524 172 579 debet
186 522 322 596 qenernle
336 527 379 578 ius
394 522 560 592 indeletum,
576 515 656 578 cnm²
670 525 819 596 imperator
831 513 993 596 ’epistulam
1013 525 1053 580 od

7 618 75 665 uo]
90 595 231 680 quendnm'
235 601 248 639 ³
261 603 351 669 dediti
366 600 370 684 Ι
389 603 436 674 74.
456 607 494 663 'Si
509 609 671 680 peregrinus
685 609 773 664 ciuem
784 608 1051 674 Romnnmrunorem
1061 612 1104 660 20.

91 689 207 760 duxerit,
224 707 257 746 an
269 707 309 748 eu
323 699 432 748 senatus
441 691 568 748 cornutio
579 707 702 750 eausam
714 689 839 764 protbnre
850 696 951 764 possit,
963 706 1050 766 quee-
1060 682 1076 719 ²·
1087 690 1105 720 ¹·

91 769 191 832 ritur.⁴
218 774 255 830 ’et
265 777 415 848 siquidem
429 778 520 832 solius
534 783 654 834 senatus
670 779 795 834 consulti
804 779 895 834 uerba
911 785 1050 848 spectent-

89 869 145 931 tnr,
162 861 231 932 quin
246 877 302 916 non
317 876 399 932 posse
414 859 506 916 uideri
518 861 638 934 debeat,
658 863 774 926 dubium
790 879 847 918 non
869 868 926 932 est,
947 863 974 920 si
993 879 1051 918 nou

87 963 105 1001 α
116 938 279 1016 principe⁵
293 947 297 1010 Ι
313 945 366 1000 hoc
381 945 405 1002 ei
420 944 573 1018 specialiter
581 961 742 1002 eoncessum
758 954 808 1002 est.
835 945 884 1001 scri
896 963 957 1003 cum
972 963 1051 1020 pere·

86 1031 186 1102 grinus
214 1029 300 1084 ciuem
319 1029 466 1084 Romanam
488 1045 600 1086 uxorem
619 1030 742 1086 duxisset
766 1039 793 1086 et
818 1028 873 1086 iiiio
900 1040 965 1088 nuto
986 1031 1050 1086 alias

85 1115 228 1170 ciuitatem
240 1111 386 1170 Romanum
400 1121 565 1179 consecutus
577 1123 660 1185 esset,
676 1113 774 1172 deinde
785 1131 845 1171 cum
858 1123 1050 1188 quaereretur,

86 1215 121 1254 an
143 1213 252 1276 reusam
277 1195 393 1270 probare
420 1207 530 1270 posset,
551 1199 692 1271 rescripsit
717 1201 866 1272 imperator
886 1201 1050 1270 Antoninus,

87 1280 202 1354 perinde
217 1297 299 1354 posse
314 1297 375 1336 eum
391 1297 497 1338 censam
513 1283 642 1354 probare,
665 1292 747 1355 atque
762 1285 785 1338 si
801 1285 962 1356 peregrinus
977 1299 1052 1350 man·

89 1368 182 1422 sisset.
212 1381 244 1420 ex
260 1381 316 1438 qno
331 1365 500 1439 colligimus,
522 1367 602 1422 etiarn
623 1368 797 1440 peregrinum
812 1381 918 1431 cnusnm
937 1369 1051 1440 protare

87 1466 181 1523 posse.
215 1444 260 1508 io.
281 1450 319 1506 Ex
333 1449 378 1520 iis,
393 1467 462 1522 quae
477 1448 603 1518 diximus,
619 1459 740 1524 apparet,
757 1451 826 1506 'siue
837 1451 904 1509 einis
914 1451 1050 1518 Romnnus

85 1535 261 1608 peregrinam
278 1535 337 1590 siue
351 1535 512 1608 peregrinus
533 1537 620 1602 ciuem
635 1535 781 1593 Romanam
800 1551 912 1599 uxorem
932 1535 1049 1603 duxerit,

85 1635 152 1674 eum
169 1619 215 1690 qui
230 1620 351 1676 nescitur
366 1617 539 1692 peregrinum
554 1635 635 1684 esoe;
650 1621 735 1676 sedni
744 1619 854 1692 quidem
866 1636 919 1692 per
930 1637 1051 1676 errorem

85 1702 144 1758 tale
168 1703 365 1760 matrimonium
390 1712 559 1761 contractum
579 1705 676 1774 iuerit,
697 1703 832 1764 emeruiari
851 1701 958 1774 (potest
978 1699 1049 1777 eius)

84 1787 185 1842 uitium
201 1780 379 1844 secundum6
394 1803 442 1857 en,
462 1803 531 1859 quae
546 1789 672 1861 superius
687 1787 819 1854 uiximus,
838 1789 861 1844 si
878 1803 948 1852 usuro)¹
961 1787 1051 1844 nulius

83 1887 167 1926 error
187 1869 378 1942 intervenerit,
400 1869 464 1946 (set)
483 1872 600 1928 scientes
621 1887 697 1936 sunm
716 1870 902 1926 condicionem
923 1873 959 1928 ita
980 1873 1052 1928 coic-

84 1957 156 2026 rint,
172 1954 248 2010 nullo
264 1971 330 2012 casu
346 1955 504 2012 emendetur
519 1957 614 2012 uitium
630 1957 689 2012 eius
705 1957 877 2026 matrimonii.

153 2033 200 2097 76.
221 2038 371 2112 Loquimnr
381 2047 470 2095 antem
483 2040 516 2096 de
532 2041 574 2096 his
586 2039 699 2110 seilicet,
715 2036 809 2115 (inter)
823 2057 892 2114 quos
905 2039 1049 2096 conubium

84 2140 145 2180 non
161 2125 212 2192 sit3
235 2140 296 2178 nam
312 2124 430 2198 alioquin
445 2126 468 2180 si
484 2126 551 2184 einis
566 2125 703 2181 Romanus
719 2127 905 2198 peregrinam,
920 2141 981 2182 cum
998 2142 1051 2198 quo

164 2325 185 2394 ¹)
209 2329 372 2379 Probabiiem
394 2345 496 2378 sensum
517 2331 622 2379 restitui
642 2344 694 2392 pro
712 2330 792 2392 spatii
813 2329 887 2378 uredo
908 2333 932 2376 et
953 2329 1052 2390 purtim

85 2401 231 2450 secuudum
251 2401 345 2449 ductus
364 2399 468 2458 Scirem,
491 2416 555 2464 ques
575 2403 749 2464 interpretor:
770 2399 904 2448 anniculum
926 2399 975 2448 itin
996 2399 1051 2448 ieet.

86 2485 192 2520 necesse
211 2471 250 2520 sit.
283 2471 372 2536 Igitur
390 2488 412 2520 o.
434 2467 548 2520 ‘attinet’
569 2472 664 2520 omisso
685 2477 731 2528 est,
750 2477 778 2518 ut
795 2467 857 2531 fieri
874 2466 1050 2534 solet(1,1ue.

86 2555 110 2602 4,
125 2539 172 2606 80).
225 2537 245 2607 ¹)
260 2541 360 2591 Ductus
372 2541 466 2591 Sched.
480 2557 589 2591 seruans
603 2549 724 2604 tanquam
738 2547 813 2590 notas
827 2554 878 2589 nou
893 2541 1052 2588 continentes

87 2613 204 2662 restitui.
255 2607 276 2678 ⁰)
290 2610 416 2662 Similiter
430 2615 535 2662 restitui
548 2610 632 2676 (eren
646 2609 766 2674 epistule).
781 2610 892 2658 tuendum
907 2625 941 2658 em
949 2609 1050 2658 Btuem.

88 2683 185 2733 Sched.
203 2683 261 2732 edd.
293 2681 347 2732 Sed
362 2683 509 2734 Goeselieuo
524 2685 613 2746 primu
632 2684 720 2731 littera
739 2682 841 2730 incerte
859 2682 916 2729 uiso
934 2687 980 2730 est.
1009 2680 1053 2730 Ae

88 2771 146 2804 rem
160 2755 195 2817 ef.
209 2751 347 2820 Schultiny
362 2771 414 2818 pro
429 2755 566 2818 rescriptis
586 2756 644 2818 irrep.
660 2755 683 2814 ξ.
698 2763 719 2802 ι.
744 2751 846 2800 Punite
859 2751 925 2802 Iuni.
936 2749 958 2800 I.
969 2753 993 2814 ὅ.
1003 2765 1051 2803 ιιι.

89 2823 112 2892 ⁴)
127 2824 204 2874 Haec
214 2825 315 2888 quidem
325 2827 351 2874 in
366 2825 393 2876 V
395 2821 423 2887 ⁸²,
438 2827 553 2894 quemvis
565 2825 590 2874 0.
601 2825 644 2874 iiie
653 2824 808 2886 difficillimo
819 2825 895 2882 lectu,
905 2824 982 2871 etiem
992 2824 1052 2872 inde

88 2913 106 2946 a
121 2895 207 2946 verbis
222 2895 316 2946 duxerit
329 2912 359 2946 en
374 2899 538 2960 aliquetenus
547 2903 620 2946 certe
633 2895 768 2946 uidentur:
782 2895 829 2944 sed
842 2901 925 2943 tamen
935 2894 950 2942 b
961 2897 1052 2944 lectum

84 2967 181 3030 putaui
190 2982 242 3031 pro
257 2969 270 3016 ὅ
286 2965 412 3032 (censam).
470 2963 492 3034 ⁵)
506 2965 664 3018 Huiusmodi
677 2966 741 3030 quid
754 2973 824 3016 certe
837 2980 928 3016 senous
939 2965 1051 3030 flagitat,

88 3045 115 3087 et
129 3054 186 3086 eum
200 3053 217 3086 α
230 3036 268 3087 St.
284 3039 318 3090 do
332 3041 417 3088 relato
431 3031 569 3088 concinere
586 3038 750 3094 uiderentur,
764 3035 829 3086 haee
844 3051 951 3102 quoque,
970 3051 1051 3099 quen-

88 3123 166 3173 quam
180 3110 264 3158 miuus
279 3117 360 3168 certe,
375 3109 402 3158 in
416 3116 513 3158 temtum
527 3109 646 3172 recipere
660 3113 769 3158 cometus
781 3123 845 3156 sum.
897 3103 918 3172 ⁰)
933 3105 978 3160 Em
997 3105 1022 3152 V
1023 3102 1051 3154 st,

89 3178 144 3228 Sed
156 3177 258 3244 monost)
273 3178 346 3246 e(ins)
361 3187 422 3243 post
436 3180 571 3229 emendo-ri
585 3180 703 3244 supplevi
717 3185 742 3226 et
756 3179 831 3230 inuio
846 3195 868 3226 u.
883 3189 917 3228 14.
931 3191 997 3240 quae
1011 3192 1051 3225 re-

90 3251 152 3299 tulit
165 3249 203 3300 St.
220 3249 241 3298 e’
257 3265 292 3298 en.
308 3251 338 3312 el,
353 3253 512 3314 interpretor
523 3252 607 3314 fuisse
621 3251 694 3312 send,
706 3250 823 3311 sortasse
837 3263 854 3297 a
868 3245 978 3296 librario
993 3262 1052 3295 eor-

89 3328 179 3384 rupta.
206 3321 328 3370 emendari
345 3322 428 3370 uitium
445 3323 496 3370 eius
515 3329 663 3372 exscreatus
684 3322 799 3370 consulte
816 3321 876 3368 iicet
892 3313 1053 3382 (secuudum)

90 3392 131 3441 ed.
146 3390 221 3441 Stud.
488 3433 512 3480 ⁸

163 3568 189 3632 e.
206 3571 248 3620 u.
270 3568 309 3632 ef.
323 3585 405 3633 supra
419 3572 442 3632 s.
458 3582 492 3622 u.
539 3565 564 3636 5.
581 3570 622 3620 ro.
643 3568 682 3630 es.
697 3569 720 3630 i·
736 3579 770 3620 es.
821 3563 846 3634 ξ.
862 3569 905 3620 re.
926 3565 964 3629 ef.
979 3568 1003 3628 s.
1018 3575 1052 3617 u.
