2470 3972
193 149 259 214 200
486 164 546 200 ean
563 165 657 200 maran.
676 146 723 202 IV.
745 153 858 202 10-13.

255 291 302 353 10.
313 291 315 297 ’
327 295 462 374 Quaedam
477 303 617 372 praeterea
633 304 697 352 sunt
710 297 842 370 actiones,
855 311 923 368 quae
940 294 973 352 ad
989 293 1057 370 legis
1071 296 1153 356 actio·

193 397 254 440 nem
270 382 465 454 exprimuntur,
483 381 612 454 quaedam
628 396 677 436 sua
692 380 720 438 ui
731 397 762 436 ac
774 388 910 454 potestate
922 387 1064 438 coustant:
1082 379 1153 452 quoi

195 474 224 522 ut
246 465 417 524 manifestum
440 463 502 538 liat,
525 481 594 540 opus
617 473 675 538 cst,
705 473 734 520 ut
756 466 832 538 prius
855 464 888 519 de
910 463 980 538 legis
1002 465 1154 530 actionibus
1163 479 1206 530 [ml

192 550 346 624 loquamur.
397 621 400 626 Ι

258 630 299 692 11.
316 635 454 705 Actiones,
470 651 537 707 quas
549 634 576 689 in
590 649 642 690 usu
656 640 763 692 ueteres
775 632 942 711 babuerunt,
953 631 1025 707 legis
1036 634 1156 691 actiones

194 717 417 793 appellabantur,
432 717 477 780 uel
492 717 553 774 ideo
569 717 643 792 quod
667 716 774 790 legibus
793 716 916 792 proditae
934 725 1033 789 erant,
1055 719 1155 791 quippe

193 810 259 862 tuno
279 802 536 876 carolamannus,
557 800 656 874 quibus
676 801 821 874 conplures
841 803 963 858 actiones
984 801 1154 858 introductae

195 887 401 948 summentium
417 889 444 948 io
459 903 512 944 usu
527 885 704 956 habebantur,
718 886 761 942 uel
776 887 837 946 ideo
854 887 917 959 quia
928 887 1052 960 ipsarum
1064 886 1153 960 legum

195 963 286 1028 uerbis
302 970 520 1048 accommodatae
534 979 612 1028 erant
628 979 654 1028 et
671 969 730 1028 ideo
746 969 926 1036 immutabiles
942 969 1060 1044 proinde
1076 979 1152 1044 atque

194 1056 272 1130 leges
296 1053 529 1113 obseruabantur:
552 1054 624 1110 uude
646 1071 708 1110 curn
731 1056 795 1128 quis
815 1055 848 1114 de
863 1053 964 1134 ultibus
979 1055 1097 1112 succisis
1120 1058 1151 1110 ita

194 1140 308 1216 egisset,
324 1140 519 1208 attractione
535 1140 605 1196 uites
620 1140 786 1212 nominaret,
808 1155 970 1213 responsum
985 1131 1075 1217 (eei),
1096 1155 1150 1196 eun

193 1240 249 1280 rem
265 1223 431 1297 perdidisse,
448 1225 509 1298 quia
525 1223 664 1281 debuisset
678 1222 787 1283 arbores
802 1223 957 1294 nominare,
973 1239 1007 1280 eo
1024 1224 1098 1296 quod
1112 1223 1149 1279 lex

192 1324 240 1366 xli
256 1307 423 1380 tabularum,
446 1325 478 1364 cx
499 1325 552 1382 qua
574 1307 608 1365 de
631 1307 733 1364 ultibus
754 1308 867 1364 succisis
890 1309 961 1364 actio
984 1317 1148 1382 conpeteret,

193 1391 405 1466 generaliter'de
420 1391 563 1450 arboribus
578 1391 692 1450 succisis
707 1391 876 1464 loqueretur.
912 1389 959 1452 12.
975 1390 1049 1465 Lege
1065 1401 1147 1457 autem

124 1486 183 1534 191.
195 1475 327 1552 agebatur
342 1475 429 1534 modis
449 1470 454 1552 Ι
474 1479 602 1552 quinque,
617 1485 800 1548 sacramento,
815 1491 864 1548 per
879 1476 974 1534 iudicis
991 1478 1147 1550 postulatio·

134 1557 150 1595 i·
161 1564 178 1594 ¹·
192 1577 272 1632 nom,
285 1577 334 1636 per
357 1559 572 1634 condictionem,
588 1578 638 1635 per
653 1578 746 1618 manus
761 1560 951 1632 iniectionem,
967 1578 1017 1634 per
1033 1562 1147 1635 pignoris

191 1646 355 1720 captionem.

254 1726 299 1787 13.
315 1728 482 1788 Sacramenti
497 1729 568 1787 actio
580 1730 715 1804 generalis
729 1737 802 1786 crat:
820 1730 855 1784 cie
871 1727 971 1802 quibus
984 1731 1056 1788 eninr
1071 1728 1145 1796 rebus

192 1822 222 1870 ut
237 1813 316 1872 aliter
338 1822 476 1886 ageretur,
498 1813 560 1886 legc
581 1823 689 1870 cautum
712 1829 767 1870 non
783 1820 852 1882 erat,
874 1813 907 1868 de
924 1814 969 1870 lais
983 1822 1146 1872 sacramento

191 1896 340 1974 agebatur:
357 1913 441 1970 eaque
457 1899 527 1956 actio
544 1898 656 1972 perinde
672 1897 827 1972 periculoso
851 1905 909 1955 erat
924 1897 1070 1972 falsiloquo
1081 1916 1147 1970 pro·

189 1989 258 2054 pier
277 1977 496 2042 inmorandum
519 1991 607 2056 atque,
623 1983 675 2040 lroc
701 1984 824 2056 tempore‘
844 1981 996 2055 periculosa
1018 1992 1061 2040 est
1081 1985 1147 2040 actio
1211 1989 1212 1994 ’

267 2165 286 2233 ¹)
301 2166 346 2218 Sic
361 2183 430 2217 nunc
444 2168 500 2223 edo,
515 2169 638 2233 quiahoc
648 2169 772 2232 proxime
785 2147 1029 2226 callisensem.
1043 2171 1146 2234 speciem

192 2240 318 2291 accedere
337 2254 385 2289 nec
409 2237 437 2287 V
437 2234 458 2270 ⁸²
480 2240 619 2288 aduersari
642 2241 756 2298 uidetur,
775 2241 800 2288 si
817 2241 943 2304 scriptum
958 2241 1045 2304 fuisse
1058 2243 1146 2304 ponis:
1177 2239 1189 2306 i

192 2320 287 2400 ialsilob
300 2335 333 2402 pp
347 2337 365 2388 r’r
379 2352 524 2402 quenquam
539 2337 605 2386 idem
620 2337 680 2400 sere
698 2351 789 2386 sensus
807 2344 832 2388 et
850 2339 928 2386 aliter
942 2353 1081 2402 conpressus
1093 2354 1146 2388 esse
1210 2349 1211 2388 t

188 2409 285 2473 potuit,
297 2409 366 2459 uelut
379 2407 449 2472 quod
457 2423 508 2470 per
521 2422 550 2457 re
562 2414 704 2471 speciatum
718 2409 828 2457 monime
843 2410 945 2471 placet:
970 2405 1037 2458 ‘taisi
1051 2407 1144 2476 imnis)-

192 2478 321 2545 iterandi)
346 2475 507 2547 ciculuicrta‘
537 2481 589 2538 uel,
616 2485 644 2538 cai
664 2479 703 2527 eri.
725 2488 746 2538 1.
780 2480 940 2542 scripseram
963 2475 1029 2530 ‘lalsi
1050 2477 1143 2546 imnis)-

193 2547 323 2618 i(nrandi)
339 2545 482 2616 nom(ine)’‚
498 2548 542 2600 nbi
555 2551 656 2605 notavi:
673 2548 754 2598 Gaius
767 2551 834 2598 enim
848 2565 928 2616 neque
943 2553 1046 2602 omnino
1059 2566 1142 2601 accro-

192 2629 301 2671 mentnm
312 2622 380 2688 'quiri
393 2625 466 2676 esset,
481 2635 532 2670 non
546 2621 691 2683 capitolare,
705 2635 786 2686 neque
800 2623 929 2686 negotium
944 2622 971 2670 in
985 2622 1144 2672 decoctione

188 2695 335 2756 pericnlum
350 2689 451 2750 creone,
466 2693 510 2741 cui
524 2706 559 2740 em
572 2693 616 2740 cui
628 2692 751 2754 temporis
766 2693 823 2740 iure
837 2693 998 2756 sponsionem
1009 2701 1143 2756 comparat,
1168 2731 1171 2737 .
1209 2727 1210 2730 ,

193 2779 243 2813 non
262 2764 439 2813 demonstrare
453 2764 548 2826 potuit,
581 2762 621 2811 De
639 2777 669 2811 re
688 2762 723 2825 cf.
744 2761 796 2811 Gir.
816 2762 849 2811 de
867 2763 911 2827 Off·
927 2775 952 2821 a,
967 2775 1001 2814 19.
1022 2765 1045 2826 ἕ.
1060 2775 1103 2815 tue.
1121 2771 1143 2813 et

192 2835 295 2885 omnino
313 2834 388 2882 Dana
406 2834 454 2882 der
472 2835 575 2883 sacrole
589 2831 697 2892 Scitote,
717 2833 827 2882 maxime
843 2848 872 2896 p.
887 2845 920 2884 se.
935 2841 960 2883 et
975 2849 997 2883 e.
1011 2847 1033 2886 1.
1051 2841 1074 2884 et
1085 2835 1142 2884 libr.

193 2920 272 2954 meum
286 2905 347 2966 „die
360 2905 439 2953 mulie
454 2920 478 2957 n.
493 2903 518 2953 d.
533 2905 662 2954 sacrum.“
673 2919 700 2968 p.
716 2915 762 2955 ete.

262 3067 287 3140 ξ.
305 3074 346 3124 10.
368 3072 406 3136 Cf.
421 3073 460 3134 ἐξ.
475 3082 509 3124 32.
524 3084 558 3124 33.
609 3069 634 3142 ᾗ
652 3076 693 3125 11.
715 3073 753 3137 Cf.
769 3073 800 3121 L.
811 3083 831 3122 1.
847 3075 870 3135 ξ.
881 3085 901 3124 e.
921 3073 953 3121 D.
969 3073 1001 3122 de
1015 3075 1077 3140 orig.
1091 3076 1141 3125 iar.

234 3141 265 3208 a).
286 3143 366 3192 Varr.
379 3145 411 3196 de
421 3143 453 3194 L.
464 3143 496 3192 L.
507 3155 528 3202 s,
539 3155 571 3198 il.
592 3145 621 3194 de
636 3145 725 3194 uitibus
735 3139 813 3212 succ]
824 3145 858 3208 cf.
871 3144 940 3194 Ptin.
954 3143 984 3194 N.
995 3143 1031 3197 ΙΙ.
1042 3157 1073 3203 11,
1081 3157 1092 3196 1
1098 3163 1140 3210 pr.

239 3224 272 3269 ite.
288 3215 311 3276 ξ.
326 3226 346 3266 e.
367 3213 399 3263 D.
414 3215 447 3266 rie
461 3215 570 3264 iuretur.
587 3214 636 3281 (12,
651 3213 683 3280 1).
707 3215 754 3266 Pit.
770 3215 802 3272 D.
818 3215 874 3265 arb.
887 3216 954 3280 furt.
969 3231 1038 3269 caea.
1052 3214 1139 3284 (11.1).

191 3143 223 3209 (1,

192 3280 272 3352 §.12
292 3281 405 3352 sacram]
420 3287 460 3346 ἐξ.
475 3297 571 3338 13-11.
592 3301 614 3350 p.
630 3287 679 3337 iud.
694 3282 769 3354 post]
785 3288 842 3337 eiua
855 3288 985 3354 expositio
996 3288 1081 3350 periit.
1099 3303 1140 3352 per

191 3351 310 3421 condiet]
329 3357 368 3416 §b
388 3367 483 3407 18-20.
513 3371 557 3419 per
576 3371 637 3406 man.
657 3353 713 3426 ini]
733 3359 772 3420 §5-
792 3369 898 3410 21-25.
926 3373 971 3424 per
988 3359 1052 3422 pigo.
1068 3355 1137 3428 capt]

192 3426 206 3485 ξ
225 3435 341 3482 ,16-19.
396 3421 420 3493 §-
437 3429 478 3476 13.
500 3427 538 3489 Cf.
554 3427 627 3492 infra
641 3429 681 3490 ἐξ.
697 3439 743 3480 111.
759 3442 806 3482 tao.
829 3431 895 3480 Feat.
910 3446 932 3479 a.
947 3428 1139 3490 Sacramentum,

205 3491 359 3544 ”eramento
370 3507 460 3558 prees.
489 3495 577 3548 Varro
592 3499 623 3548 de
639 3499 670 3547 L.
686 3498 717 3548 L.
733 3512 759 3559 o,
773 3513 807 3554 us.
828 3504 850 3565 ἓ.
867 3507 913 3554 leti.
928 3513 950 3558 a,
965 3512 985 3552 i.
1006 3501 1029 3564 ἓ.
1049 3511 1077 3552 11.
1096 3501 1138 3554 lu.
