2496 3984
210 217 254 281 34
515 229 573 265 asu
591 231 684 265 rusum.
703 211 723 263 I.
743 216 870 265 sue-35.

211 381 250 423 ex
265 366 328 437 sepe
351 361 465 418 Visellio
482 369 539 416 tam
555 363 679 416 maiores
698 377 784 432 paam
804 362 929 415 minores
943 365 1015 408 m
1034 375 1193 416 annorum

211 449 380 506 manumissi
400 452 428 501 et
443 445 542 502 Latini
556 443 636 518 facti
655 446 700 500 ius
716 443 867 512 Quiritium
890 437 1140 516 adipiscuntur‚¹
1163 445 1192 499 id

211 541 255 590 est
269 530 339 588 fiunt
353 532 428 587 ciues
444 527 572 599 Romani,
593 529 616 584 si
631 525 731 584 Romae
751 529 823 583 inter
837 527 936 602 uigiles
951 543 1000 584 sex
1015 529 1097 584 annis
1117 527 1192 584 mili-

213 619 342 674 tauerint.
374 623 470 689 postea
486 613 586 669 dieitur
604 612 705 668 iactum
722 626 783 667 esse
803 621 913 668 senatus
932 612 1105 676 consultum,
1131 629 1190 684 quo

212 703 274 758 data
289 709 332 757 est
346 699 401 757 illis
416 699 511 754 ciuitas
527 696 656 770 Romana,
673 697 696 752 si
712 697 857 752 triennium
873 695 984 752 militiae
994 697 1190 770 expleueriut,
1201 701 1233 748 [1⁰³

210 782 270 845 82².
292 785 359 841 item
374 783 464 840 edicto
481 774 579 855 (diui)²
595 780 700 836 Claudii
711 779 797 836 Latini
811 782 854 835 ius
866 779 1010 848 Quiritium
1026 797 1190 837 consecun-

212 880 273 941 tur,
290 871 313 924 si
328 883 425 924 nauem
440 868 568 922 marinam
588 863 807 930 aedifioauerint,
830 881 898 938 quae
918 881 974 921 non
989 867 1081 921 minus
1096 881 1189 940 quam

213 955 306 1010 decem
322 951 395 1008 miiia
411 950 564 1007 modiorum
576 950 721 1023 frumenti
737 950 837 1023 capiat,
853 963 940 1022 eaque
955 950 1033 1004 nauis
1051 950 1095 1006 uel
1112 965 1189 1023 quae

212 1040 240 1094 in
261 1038 320 1094 eius
342 1036 432 1092 losum
453 1035 601 1090 substituta
621 1037 676 1104 sit,
704 1049 760 1093 seu
780 1035 856 1090 annis
878 1033 1045 1089 trumentum
1069 1033 1188 1090 Romam

212 1122 375 1196 portauerit.
405 1114 454 1176 38.
470 1119 613 1174 Praeterea
631 1117 784 1178 uNeroine
799 1121 982 1174 constitutum
999 1124 1043 1175 est
1058 1113 1188 1190 edicto‚³

212 1215 254 1275 nt,
269 1206 293 1260 si
304 1203 430 1274 Latinus,
445 1205 493 1278 qui
508 1203 698 1277 patrimonium
710 1204 867 1258 sestertium
881 1217 920 1260 cu
936 1201 1039 1258 milium
1054 1203 1187 1276 plurisue
1235 1251 1236 1254 ,

213 1288 337 1361 habebit,
358 1290 386 1344 in
406 1287 473 1344 urhe
491 1287 574 1343 Roma
596 1287 707 1344 domum
729 1284 929 1357 aedificaturum,
949 1287 977 1342 in
999 1279 1109 1360 quam⁴
1125 1303 1187 1343 non

213 1375 303 1430 minus
320 1389 399 1448 quarn
415 1381 518 1447 partem
539 1371 674 1428 dimidiam
694 1371 852 1445 patrimonii
871 1372 913 1426 sui
933 1371 1116 1444 impenderit,
1140 1373 1186 1427 ius

214 1458 357 1527 Quirinum
379 1464 572 1530 consequatur.
617 1451 665 1515 34„
688 1455 807 1528 denique
824 1447 950 1530 (diuus)²
965 1455 1095 1511 Traianus
1113 1472 1185 1512 oon·

213 1661 235 1695 a.
251 1654 321 1695 1-5.
337 1644 388 1692 iam
402 1641 459 1692 edd.
470 1642 557 1705 prior.
572 1642 724 1690 sententiam
734 1641 907 1706 perfeceram.
936 1641 997 1690 ciuis
1015 1641 1134 1692 Romana
1148 1669 1184 1680 —

213 1717 265 1780 ipse
289 1715 352 1764 iilius
371 1713 441 1763 ouius
462 1739 496 1750 —
520 1711 591 1760 debet
610 1712 842 1775 consummatore,
866 1719 893 1760 ut
911 1712 970 1761 edd.
989 1739 1024 1749 -
1049 1711 1124 1772 Quae
1143 1729 1184 1763 se·
1236 1701 1237 1746 ἶ

213 1793 328 1852 quantur
347 1787 388 1848 δέ.
403 1779 453 1836 ³2¹².
473 1787 520 1836 32⁰.
539 1795 574 1834 66.
593 1795 627 1834 st.
647 1784 684 1832 ud
702 1797 781 1848 usqne
797 1785 874 1846 finem
884 1799 912 1846 p.
927 1795 940 1834 9
959 1783 991 1832 V.
1006 1799 1130 1848 ntapnnm
1147 1800 1183 1834 ea

219 1858 246 1908 V
248 1854 269 1890 ⁸²
281 1863 444 1922 aupmentum
458 1869 570 1913 sensere,
585 1853 776 1918 quodadieetis
791 1855 834 1916 iis,
849 1869 914 1918 qnae
930 1855 957 1902 in
972 1854 1031 1904 edd.
1043 1867 1062 1906 1.
1074 1867 1095 1905 e.
1111 1871 1184 1906 eom-

214 1935 312 1978 mentus
326 1943 406 1984 eran,
420 1927 496 1976 etiam
511 1941 567 1975 cum
581 1926 762 1989 supplementis
771 1923 950 1987 &ademundi
960 1927 1057 1988 paucis
1071 1931 1183 1986 tamtum,

187 2028 192 2033 -
215 2013 280 2064 quae
296 1997 425 2054 indicavi,
440 1997 557 2058 conceptis
571 1997 610 2044 uel
624 1997 740 2058 mutatis,
759 1995 819 2045 duic
838 1995 876 2045 ed.
893 1995 1001 2045 inserui.
1069 1993 1089 2062 ¹)
1103 1995 1182 2048 Haec

215 2069 251 2118 ad
263 2069 415 2118 sententium
429 2067 484 2129 ipse
502 2067 627 2129 supplevi.
698 2061 842 2132 ¹)Addidi.
908 2063 930 2132 ³)
945 2065 977 2115 In
997 2065 1025 2115 V
1025 2062 1047 2098 ⁸⁸
1064 2075 1183 2117 notatum

212 2141 298 2203 fuisse
311 2145 376 2202 puto
396 2151 449 2196 con,
465 2145 514 2186 tum
533 2144 558 2186 ei
577 2144 621 2185 est.
653 2135 801 2187 Gdscdenus
820 2137 920 2202 paridem
939 2137 1042 2186 initium
1059 2137 1141 2188 huius
1153 2141 1183 2201 §i

176 2236 180 2241 ·
215 2213 253 2260 ita
266 2208 454 2259 restituendum
468 2210 582 2258 censuit:
598 2205 665 2273 ‘ispe
675 2207 746 2258 Iulia
761 2216 863 2258 cautum
877 2215 923 2270 est,
938 2215 966 2257 ut
976 2207 1098 2268 Manus,
1112 2211 1139 2258 si
1152 2212 1181 2258 in

211 2278 375 2346 perficiendo
389 2279 499 2328 aedificio
514 2277 610 2329 Romae
624 2294 672 2328 uon
686 2276 776 2328 miuus'
792 2286 840 2330 ete.
854 2294 890 2328 ea
903 2279 936 2328 L.
952 2291 999 2330 166.
1013 2279 1047 2327 D.
1062 2279 1095 2329 de
1109 2281 1179 2330 verb.

214 2353 304 2418 sipnif.
321 2348 632 2418 (depauperatus.
649 2357 674 2400 et
688 2348 773 2418 Pap).
804 2349 895 2400 Cetera
913 2357 975 2400 tune
994 2352 1115 2416 appropia:
1134 2353 1182 2401 sed

215 2423 247 2472 de
262 2424 317 2488 lepe
327 2419 398 2470 Iulia
412 2435 459 2470 nea
469 2428 587 2484 apparet,
602 2437 653 2485 qua
666 2423 769 2471 ratione
784 2436 814 2470 ea
829 2421 861 2470 de
874 2421 923 2471 doe
933 2419 1089 2470 Latinorum
1103 2421 1177 2472 dene-

211 2494 288 2558 fieio,
308 2493 419 2558 quitum
433 2492 545 2541 nondum
559 2499 641 2550 erant,
662 2493 798 2557 quiequam
817 2499 919 2542 cautum
937 2506 992 2541 esse
1002 2494 1133 2555 potuerit,
1153 2501 1178 2542 et

214 2564 246 2614 L.
262 2576 296 2616 64.
315 2563 347 2613 D.
364 2565 411 2614 sol.
427 2569 501 2612 matr.
518 2561 566 2630 (m,
581 2562 604 2629 s)
619 2565 730 2614 maxime
749 2565 772 2626 ξ.
788 2575 807 2614 a.
823 2563 948 2625 ostendit,
967 2561 1031 2627 quid
1048 2563 1076 2611 in
1096 2579 1177 2613 eausa

213 2637 308 2700 suerit,
323 2642 352 2684 ut
364 2634 490 2698 Ulpianus
504 2633 552 2684 doc
567 2634 634 2684 libro
649 2635 681 2684 de
691 2634 791 2683 libertis
801 2633 932 2684 dotalibus
940 2633 1047 2682 Latinis
1056 2636 1096 2682 uel
1102 2635 1176 2698 facto

217 2707 308 2755 mariti
321 2709 361 2755 oet
380 2720 427 2755 suo
443 2707 500 2754 iure
515 2707 645 2756 ciuitatem
664 2705 767 2768 adeptis
781 2711 931 2768 exponeret.
961 2703 1105 2754 Praeterea
1120 2721 1177 2754 oum

219 2775 300 2825 Gaius
319 2777 436 2826 ordinem
454 2777 576 2838 temporis
594 2782 698 2824 secutus
714 2789 769 2824 esse
788 2775 921 2834 videatur,
946 2790 997 2825 non
1015 2775 1117 2838 dubito,
1141 2792 1177 2825 en

219 2846 300 2896 Tacit.
315 2845 348 2894 Α.
364 2856 447 2903 1646.
462 2845 499 2894 ud
511 2861 536 2894 a.
551 2856 586 2897 tt.
616 2842 733 2895 ‘addidit
747 2848 868 2909 praemia
878 2862 930 2910 pro
945 2847 1069 2910 cuiusque
1082 2847 1176 2897 ordine

214 2924 240 2966 et
253 2919 295 2966 rei
305 2917 451 2980 familiaris
465 2913 559 2979 copiis’
579 2915 691 2966 Neronis
704 2917 789 2968 edicto
799 2917 848 2967 doe
858 2917 1006 2980 beneficium
1015 2916 1173 2968 adscribere.

216 2986 282 3037 Nam
301 2987 479 3050 Vespasianus
492 2988 547 3036 alia
560 2989 658 3036 senuit.
678 2986 747 3038 Suet.
768 2988 845 3052 Vesp.
860 3000 881 3039 8.
900 2988 961 3038 Lem
976 2987 1049 3037 Flam
1065 2987 1129 3038 Mal.
1140 3001 1173 3040 as.

214 3057 268 3108 Sed
281 3065 306 3108 et
319 3064 424 3108 senatus
438 3071 486 3106 nea
499 3056 604 3108 Tacitus
618 3061 730 3108 meminit
744 3075 791 3109 neo
805 3061 861 3108 eius
870 3059 1005 3122 pantesia
1019 3073 1049 3108 re
1059 3061 1114 3124 depe
1123 3076 1173 3110 non

215 3131 355 3181 constituta
373 3127 490 3178 sotebant
507 3142 570 3178 esse.
634 3127 657 3196 ⁴)
670 3145 717 3194 quo
737 3130 763 3179 V
764 3127 785 3164 'i
803 3145 851 3194 qua
866 3132 899 3193 ej.
914 3129 987 3179 Stud.
1019 3127 1073 3179 Sed
1095 3130 1175 3180 Gaius

121 3230 125 3236 ·
215 3201 304 3261 disere
317 3202 382 3250 rotet
395 3199 542 3262 impendere
556 3201 584 3248 in
598 3201 706 3265 aliquid.

214 3358 300 3409 Inser.
315 3359 367 3408 III.
383 3369 443 3410 sate.
503 3355 528 3426 §-
548 3362 603 3409 320.
629 3360 667 3425 Os.
688 3359 742 3422 Uip.
758 3371 778 3418 6,
793 3371 814 3411 6.
837 3357 907 3409 Suet.
930 3359 1018 3409 Claud.
1038 3371 1071 3411 18.
1094 3358 1170 3410 Scae·

214 3432 274 3480 oola
287 3429 319 3479 L.
335 3441 355 3480 s.
370 3429 403 3478 D.
419 3431 450 3480 de
465 3436 548 3479 uacat.
564 3428 609 3495 (50,
623 3429 654 3495 5).
677 3429 739 3480 Nou.
756 3443 776 3481 s.
800 3429 923 3483 Tdeodos.
938 3429 977 3480 ΙΙ.
1026 3426 1052 3499 §-
1068 3433 1110 3481 33.
1132 3431 1168 3494 Cf.

220 3499 274 3563 up.
290 3512 311 3560 s,
326 3513 345 3550 1.
365 3500 398 3549 L,
414 3513 460 3552 1oo.
484 3500 516 3549 D.
532 3501 564 3549 de
583 3501 653 3550 nero.
667 3503 735 3566 sipi.
751 3500 799 3567 (so,
814 3500 859 3567 rs).
879 3529 913 3537 -
936 3500 1018 3551 Tacit,
1038 3500 1070 3550 Α.
1086 3512 1123 3564 ut,
1135 3513 1167 3553 u.

214 3567 284 3619 Suet.
305 3570 381 3634 Vesp.
396 3582 416 3621 6.
468 3567 493 3639 ξ.
509 3574 551 3622 34.
573 3571 612 3635 Of.
632 3571 687 3636 Uip.
702 3584 723 3633 6,
738 3585 758 3622 1.
779 3572 824 3622 Fr.
844 3571 902 3621 Vat.
918 3583 965 3624 itt.
980 3583 1027 3624 tto.
