2464 3978
388 185 445 220 uun
463 186 555 222 marm.
574 168 609 220 ΙΙ.
629 175 742 223 92-96.
1002 171 1045 234 95

78 315 242 388 legatumne
254 315 326 388 quod
340 317 364 370 ei
376 315 468 371 datum
479 315 573 386 fuerit,
586 332 640 370 nou
655 317 727 387 mihi,
741 317 790 373 sed
802 287 910 374 domino
923 321 1046 392 proprie·
1097 364 1100 368 .
1142 333 1144 336 ·

81 400 148 454 tatis
165 401 343 472 adquiritur..
363 395 412 460 99.
426 399 498 456 ldem
511 399 599 474 placet
614 399 647 455 de
663 417 707 471 eo,
724 403 770 475 qui
787 417 801 456 a
816 401 894 458 nobis
909 402 980 458 bona
993 400 1045 458 ude

78 483 257 557 possidetur,
278 480 282 556 Ι
301 485 360 540 siue
378 483 447 540 liber
467 484 504 540 sit
524 486 584 539 siue
609 483 710 540 elianus
735 502 847 542 seruus:
875 485 948 560 quod
974 489 1043 542 enim
1056 495 1098 545 76.

78 568 187 641 placuit
201 567 234 622 de
250 567 469 639 usufructuario,
489 570 558 625 idem
580 568 711 641 probatur
731 571 811 626 etiam
832 570 865 626 de
881 569 968 626 bonae
984 568 1045 626 fidei

79 667 259 725 possessore:
276 653 368 725 itaque
384 651 457 726 quod
473 661 547 708 extra
563 652 631 708 duas
645 654 712 708 istas
729 671 822 710 causas
838 654 998 728 adquiritur,
1017 655 1043 710 id

80 735 126 792 uel
142 735 177 792 ad
193 737 281 808 ipsum
297 739 426 809 pertinet,
441 738 464 791 si
479 736 547 792 iiber
562 747 615 806 cst,
632 737 675 794 uel
691 738 724 794 ad
739 738 893 814 dominum,
910 740 932 794 si
946 755 1044 796 seruus

79 829 135 878 est
180 816 229 876 93.
252 819 305 876 Sed
326 823 348 875 si
370 820 456 876 bonae
477 819 539 876 fidei
564 837 709 894 possessor
723 825 889 896 usuceperit
910 817 1043 898 seruum,¹
1096 813 1098 824 ⁴

79 906 145 978 quia
159 921 192 960 eo
205 905 285 960 modo
297 904 422 960 dominus
435 903 475 976 fit,
487 923 520 962 er
531 907 604 960 omni
615 921 694 962 causa
707 923 756 980 per
767 921 827 962 eum
840 906 889 963 sibi
902 907 1045 980 adquirere

76 996 187 1062 potest.
222 989 439 1045 usufructuarius
460 1006 527 1046 uero
548 1005 696 1064 usucapere
716 1007 772 1046 non
796 1000 903 1064 potest3
929 993 1045 1064 primum

78 1072 145 1146 quia
162 1089 218 1128 uon
233 1073 371 1146 possidet,
392 1083 434 1130 set
450 1073 532 1130 habet
551 1077 594 1130 ius
610 1069 848 1144 'uteudiiruendi;²
869 1075 966 1132 deinde
981 1077 1046 1148 quia

78 1159 146 1228 scit,
164 1156 280 1212 alienum
296 1174 405 1214 seruum
421 1174 489 1214 esse.
526 1153 577 1214 94.
592 1158 628 1214 De
642 1159 690 1215 iilo
707 1160 860 1232 quaeritur,
876 1175 909 1214 an
920 1175 971 1232 per
982 1175 1044 1216 eum

78 1257 205 1312 seruum,
220 1242 248 1296 in
264 1258 319 1314 quo
334 1241 532 1298 usumfructum
543 1243 837 1316 habemus-possidere
852 1243 973 1316 aliquam
987 1260 1044 1298 reru

79 1334 111 1382 et
126 1341 277 1400 usucapere
288 1318 459 1399 'possimus,³
475 1327 536 1398 quia
547 1328 637 1400 ipsum
648 1344 703 1382 uon
715 1327 896 1400 possidemus.
922 1343 971 1400 per
983 1343 1044 1382 eum

80 1426 162 1479 uero,
187 1426 266 1482 quem
283 1409 353 1466 hona
375 1407 429 1466 fide
443 1409 626 1484 possidemus,
648 1413 706 1466 sine
721 1410 803 1474 dubio
819 1418 847 1467 et
862 1411 1002 1484 possidere
1017 1419 1045 1467 et

78 1509 235 1568 usucapere
257 1511 412 1566 possumus.
450 1495 587 1568 loquimur
610 1503 700 1550 autem
721 1497 749 1551 in
766 1497 908 1569 utriusque
924 1511 1044 1568 persone

78 1577 232 1634 seeundum
248 1577 449 1649 definitionem,
466 1595 544 1652 quam
561 1583 683 1652 proxime
698 1581 888 1654 exposuimus,
904 1579 931 1636 id
947 1587 1006 1651 est,
1021 1581 1044 1635 si

79 1665 205 1736 quidex
233 1679 263 1718 re
285 1672 381 1718 nostra
409 1663 452 1720 uel
476 1679 512 1720 ex
533 1665 624 1736 operis
648 1665 704 1720 suis
727 1663 884 1737 adquirant,
907 1663 943 1718 ’id
965 1663 1043 1720 nobis

9 1765 65 1814 trac]
81 1739 215 1820 adquiri⁴
261 1743 307 1804 95.
336 1746 436 1804 Eritis
461 1755 587 1821 apparet.
613 1765 663 1821 per
683 1747 785 1804 liberos
811 1748 951 1817 homines,
974 1763 1044 1821 quos

80 1847 175 1904 neque
191 1832 243 1887 iuri
257 1839 353 1888 nostro
376 1831 512 1888 subiectos
528 1829 670 1902 habemus,
691 1847 779 1905 neque
800 1831 869 1887 bona
890 1829 943 1886 fide
958 1833 1045 1904 possi·

80 1915 191 1986 demus,
205 1916 271 1971 item
286 1932 336 1988 per
350 1915 452 1972 alienos
467 1932 574 1990 seruos,
590 1917 617 1970 iu
633 1915 731 1990 quibus
746 1931 834 1989 neque
845 1915 1045 1972 usumfructum

81 1998 215 2055 habemus
237 2017 325 2073 neque
349 2002 447 2055 iustam
470 2000 688 2074 possessionem,
711 2000 784 2055 nulla
806 2016 940 2056 excausa
966 1999 1044 2056 nobis

82 2083 191 2156 adquiri
207 2101 297 2158 posse.
327 2092 355 2140 et
371 2085 423 2141 hoc
438 2093 490 2156 est,
506 2084 580 2158 quod
596 2084 681 2158 uulgo
698 2085 812 2155 dicitur,
828 2100 877 2158 per
892 2092 1044 2140 extraneam
1088 2131 1090 2138 ,

83 2185 230 2241 personam
256 2167 333 2224 nobis
360 2169 464 2242 adquiri
486 2171 541 2224 nori
562 2185 659 2242 posse;
686 2177 790 2224 tantum
816 2168 850 2223 de
871 2169 1045 2241 possessione

84 2255 247 2325 quaeritur,
279 2269 311 2308 an
338 2253 397 2326 'per
421 2247 744 2325 personamiibercm⁵
774 2251 851 2307 uobis
875 2251 1044 2325 adquiratur.

83 2332 132 2395 99.
156 2337 185 2393 in
207 2353 309 2392 summa
332 2337 470 2392 sciendum
492 2347 549 2406 est,
570 2337 625 2408 his,
648 2338 694 2410 qui
714 2337 742 2392 in
761 2337 766 2404 l
786 2342 939 2410 potestate,
962 2340 1098 2392 mannii.
1150 2401 1151 2404 Ἴ

100 2541 103 2550 ,
158 2504 179 2572 ¹)
198 2505 244 2554 Ecc
267 2505 294 2554 V
295 2502 327 2566 ⁸²,
347 2509 373 2556 iu
395 2523 444 2571 quo
463 2507 531 2570 quod
549 2514 608 2556 cute
626 2505 735 2567 usucepit
754 2506 850 2570 tepitur
867 2519 934 2562 cum,
956 2507 1045 2554 errori

84 2578 193 2628 librarii
204 2579 283 2640 prius
297 2578 319 2626 si
333 2576 414 2637 obliti,
429 2593 503 2642 quam
519 2591 571 2626 eum
587 2579 720 2642 corripere
735 2577 822 2624 malui.
888 2572 909 2642 ²)
923 2574 968 2623 Em
982 2577 1043 2640 Dip.

83 2657 108 2699 ei
123 2649 191 2698 Inat.
206 2649 288 2698 utendi
303 2656 327 2696 et
341 2649 434 2698 irucndi
447 2649 472 2698 0.
483 2648 540 2696 edd.
580 2644 602 2714 ⁸)
616 2662 744 2710 possumus
756 2646 781 2695 0.
792 2647 832 2696 ed.
841 2645 890 2711 Bp.
929 2643 950 2712 ⁴)
966 2646 1044 2696 Ferri

78 2725 193 2784 possunt
201 2719 266 2770 daec
280 2719 366 2782 verbu,
376 2722 486 2769 maxime
500 2735 556 2769 cum
571 2718 599 2767 V
599 2714 619 2750 Β*
631 2718 793 2767 definitionem
804 2731 856 2767 nou
866 2717 1043 2766 distinctionem
1063 2769 1075 2784 ,

78 2797 207 2856 praestet.
226 2789 294 2840 Edd.
306 2803 325 2840 1.
336 2802 356 2840 a.
372 2793 448 2840 initio
458 2792 635 2854 supploderem
647 2786 703 2838 ‘an'
720 2804 755 2838 erc
768 2789 855 2838 uicino
868 2789 948 2859 simili
957 2796 1011 2838 -aut
1019 2796 1045 2837 et

80 2869 141 2926 pest
147 2875 201 2925 pro
209 2861 343 2925 adquiritur
350 2860 399 2926 (sic
409 2862 434 2914 Ο.
442 2860 511 2926 edd.)
520 2862 676 2924 scripseram
684 2860 829 2924 adquiratur.
850 2859 905 2908 Pro
913 2860 1045 2922 acquiritur

82 2941 168 2982 tamem
185 2948 254 2981 nuuc
272 2935 352 2982 malui
366 2933 465 2996 acquiri.
500 2932 596 2980 Vitium
615 2932 689 2981 cedd.
709 2938 780 2980 uetus
798 2930 914 2994 effecisse
933 2931 1044 2989 uidetur,
1123 2955 1130 2964 =

82 3011 111 3052 ut
125 3003 191 3052 Just.
202 3002 266 3060 Just,
282 3004 346 3054 ilaec
360 3007 512 3054 omitterent.
541 3001 620 3052 Uncto
629 3004 788 3066 utpiossema
798 3003 904 3052 inclusit
913 3000 961 3066 Bp.
972 3001 1011 3050 ed.
1022 3011 1043 3051 t.

83 3073 105 3141 ⁵)
128 3075 190 3123 Cum
209 3075 237 3122 im
260 3074 288 3122 V
289 3071 309 3106 ⁸²
327 3082 424 3124 tautum
442 3075 478 3124 sit
495 3089 599 3137 pp--
619 3072 736 3122 dubitari
749 3079 847 3136 potest,
867 3073 1045 3138 asscriptum

79 3147 168 3209 fuerit
182 3147 222 3193 uel
231 3147 321 3208 potius
335 3152 448 3196 notatum
466 3160 511 3208 per
528 3158 656 3208 personam
670 3144 770 3192 liberam
789 3159 822 3192 an
842 3157 885 3206 per
903 3148 1044 3206 procurato-

82 3231 144 3265 rem.
174 3215 228 3265 Sed
240 3217 318 3280 illud,
338 3216 495 3281 quodetiam
510 3223 618 3266 tutorem
637 3223 662 3264 et
679 3221 825 3264 curatorem
845 3212 1044 3276 comprehendit,

82 3287 183 3337 rectius
197 3293 242 3336 est.

82 3397 300 3407 ———.--——

85 3525 100 3585 ἓ
158 3446 184 3518 5.
198 3453 255 3589 {ab
257 3448 302 3570 6010.
304 3449 340 3581 Oq
355 3459 376 3578 ξ.
392 3445 472 3568 qm.
525 3440 550 3512 s.
567 3446 608 3494 ou.
625 3465 658 3486 =
674 3445 696 3505 c.
711 3453 731 3494 a.
747 3442 819 3492 qu.
841 3441 879 3504 ur.
895 3441 972 3490 raaz.
986 3450 1007 3500 a,
1020 3451 1043 3490 a.
