2496 3984
524 217 611 254 aava.
1030 200 1049 264 9

89 340 168 394 civili
185 339 280 392 simile
296 339 343 392 vel
360 337 495 394 dissimile
514 339 633 393 aliorum
656 339 825 410 populorum
846 339 889 393 ius
906 339 1050 394 afferendo

88 406 344 474 vatcomparanao
362 411 398 472 (ι,
417 412 458 459 aa.
477 411 518 460 aa.
540 411 596 464 193.
617 411 673 462 rer.
692 414 716 471 3,
734 413 774 465 ee.
793 413 851 460 134.
870 409 900 461 at
916 408 950 462 aa
962 407 993 461 L.
1007 415 1047 462 13.

88 474 123 532 D,
142 474 190 530 fin.
209 489 268 542 reg.
288 479 328 538 10,
347 479 370 530 1.
388 472 419 526 L.
436 479 461 526 4.
478 472 513 526 D.
531 473 566 526 de
585 473 684 542 colleg.
702 480 744 539 47,
756 477 820 542 99],
837 474 881 526 ius
898 476 985 529 etiam
997 475 1050 528 La·

88 542 214 596 tinorum
226 540 442 594 colomariomm
460 557 475 594 e
515 540 627 594 licando
647 545 737 606 (1,79.
757 548 798 596 85.
816 547 858 596 86.
876 547 1050 608 9991999,

88 607 338 741 straet
354 609 467 729 “initi
486 607 1051 740 emdntfitttbv⁶ir¹¹⁰i¹n¹i⁰⁰²tnff

90 742 198 796 ciarum
216 743 247 796 et
263 716 363 796 Italiae
381 720 412 794 in
428 741 490 796 iure
508 722 587 795 civili
604 715 783 804 diversitates
801 695 957 798 enarraridi
975 749 1012 809 (1,
1025 751 1050 798 6.

89 815 131 868 20,
149 815 293 864 roo-loa.
313 815 370 865 105.
392 815 450 863 183.
471 815 528 864 185.
548 815 606 862 197.
624 816 682 863 200.
700 817 725 874 2,
744 817 766 868 t.
784 817 825 864 21.
844 815 886 864 24.
900 817 941 867 2⁷.
954 819 996 866 31.
1007 817 1049 865 46.

89 881 130 931 69.
149 883 207 934 998,
225 882 251 940 9,
272 883 329 933 121.
342 881 400 930 199.
417 883 442 941 t,
457 879 538 942 109).
567 876 731 945 Eodemque
747 877 882 946 pertinet,
900 878 977 946 quod
993 894 1050 932 non

4 1005 7 1010 ¹
87 943 173 997 modo
198 943 323 1000 edietum
347 944 489 1008 urbicum,
517 943 567 997 sed
593 944 680 998 etiam
722 945 875 999 roviuciale
897 961 927 998 se
948 946 1051 999 cratim

25 1031 76 1080 [aa]
87 1011 196 1080 primus
213 1011 243 1066 et
260 1011 335 1064 solus
351 1012 554 1080 interpretatus
567 1012 619 1076 est,
631 1027 688 1079 quo
709 1029 765 1080 que
775 1011 902 1082 linguam
937 1028 1051 1066 roccam

87 1093 342 1209 erfingffiergrg
375 1079 563 1209 icii3i2’ss28i
575 1086 606 1197 13),
624 1085 667 1198 919.
683 1079 713 1136 L.
732 1085 774 1200 ξὸ,
793 1079 827 1132 D.
844 1079 901 1201 1οῶ
917 1085 1000 1212 19ἐῗ.
1015 1079 1066 1160 It.)

124 1162 760 1202 ..........arer.
975 1188 981 1199 .

156 1212 311 1266 Praeterea
320 1213 468 1282 ingenium
480 1211 620 1266 Graecum
651 1213 735 1279 rodit,
753 1165 939 1282 qiiitmeaiia
951 1230 1050 1282 quam-

87 1282 133 1334 vis
151 1282 180 1333 et
199 1280 263 1347 ipse
279 1279 323 1332 ius
341 1283 374 1332 de
392 1279 453 1332 iure
470 1279 629 1348 responden
651 1281 657 1290 '
677 1297 712 1334 ex
729 1283 898 1335 auctoritate
935 1281 1050 1349 rincipis

88 1347 127 1400 ab
144 1347 317 1414 imperatore
333 1347 434 1399 nectus
456 1361 516 1399 esse
535 1345 661 1399 dubitari
681 1363 739 1400 non
756 1348 884 1410 debeat,¹
906 1299 1050 1401 iirotrinae

87 1430 123 1468 ac
134 1413 223 1467 libros
234 1413 383 1466 scribendo
395 1428 481 1490 qnam
492 1411 555 1466 foro
566 1414 597 1466 et
607 1413 803 1482 respondendo
814 1431 845 1468 sc
858 1415 925 1468 dare
938 1415 1049 1470 maluit.

86 1481 121 1536 In
144 1479 225 1533 libris
247 1481 343 1533 autem
365 1479 520 1533 scribendis
542 1495 647 1538 novam
670 1482 784 1534 omnino
811 1481 887 1536 uam
908 1482 1050 1551 ingressus

87 1549 140 1613 est,
159 1548 193 1600 ut
208 1546 313 1616 primus
330 1547 422 1600 totum
444 1547 513 1602 iuris
531 1547 624 1600 civilis
640 1565 711 1616 opus
732 1549 769 1601 ad
792 1550 884 1602 arteni
903 1565 1049 1603 revocasse

87 1614 145 1667 dici
167 1613 264 1682 possit.
305 1613 495 1668 Divisionibus
517 1614 593 1667 enirn
614 1617 648 1668 ut
669 1616 759 1668 bonus
779 1616 915 1684 magister
936 1617 1050 1670 omnino

87 1681 243 1750 plurimum
260 1681 397 1746 tribuens,
414 1681 462 1734 vel
478 1681 508 1734 in
526 1683 588 1735 toto
607 1683 748 1736 scribendi
765 1699 850 1752 opere
867 1683 1050 1752 bipertitione

90 1747 214 1816 quadarn
232 1764 327 1801 omnes
343 1749 412 1802 iuris
429 1748 531 1816 fontes,
549 1764 621 1816 quos
637 1751 706 1802 tunc
723 1750 779 1802 iuri
790 1765 906 1818 operam
919 1750 1051 1802 daturum

89 1813 213 1867 maxima
237 1831 317 1870 nosse
345 1815 507 1883 oportebat,
536 1816 698 1883 complexus
725 1832 786 1870 esse
815 1816 1048 1886 deprehenditur:

90 1897 261 1950 quanquam,
281 1899 343 1935 cunr
362 1882 500 1936 eiusmodi
517 1883 634 1952 partitio
650 1885 744 1935 tobim
761 1883 833 1936 illud
849 1899 952 1936 aevum
963 1883 1050 1938 tacite

87 1949 209 2018 regeret,
228 1951 314 2002 etiam
330 1951 421 2026 magis
438 1950 499 2018 ipsa
516 1965 547 2002 re
565 1966 650 2018 quam
669 1949 785 2004 consilio
801 1951 832 2002 in
850 1967 914 2004 earn
924 1950 1050 2004 incidere

87 2016 1050 2153 mahgfflpggssgpfflxnnffimfflpamm

87 2151 206 2204 fontem.
241 2151 447 2220 interpretetus
471 2151 542 2204 item
565 2125 609 2205 est
631 2151 754 2204 edictum
772 2154 936 2220 utrumque,
958 2152 1051 2206 idest

87 2219 218 2272 urbicum
231 2219 260 2271 et
271 2219 456 2286 provincialer
473 2218 527 2271 hac
538 2219 618 2290 parte
631 2219 719 2272 etiam
729 2219 877 2288 propalam
888 2219 1050 2274 Labeonem

87 2301 141 2354 pro
158 2287 270 2340 mutata
285 2301 381 2338 rernm
398 2285 562 2340 condicione
579 2285 715 2351 imitatus,
734 2287 783 2354 qui
800 2286 837 2340 ad
855 2286 949 2339 edicta
964 2286 1051 2340 Prae·

87 2353 158 2406 toris
175 2353 276 2406 urbani
297 2355 328 2406 et
347 2353 491 2430 peregrini
515 2353 652 2422 separatis
673 2353 754 2406 libris
775 2353 926 2422 scripserat
942 2351 987 2421 (L.
1009 2359 1050 2406 19.

88 2419 124 2472 D.
142 2419 177 2473 de
196 2420 273 2497 verb.
291 2419 383 2496 siguli.
401 2425 444 2484 50,
465 2424 503 2476 te.
523 2419 554 2472 L.
573 2427 597 2474 9.
618 2424 643 2486 §-
662 2427 688 2474 4.
707 2419 741 2472 D.
758 2420 794 2473 de
812 2419 866 2474 dol.
886 2419 952 2476 mal.
968 2427 994 2485 4,
1013 2423 1049 2485 3).

89 2486 219 2554 Denique
235 2504 280 2539 rus
297 2486 389 2550 crvile,
407 2487 484 2564 quod
502 2502 537 2540 ex
555 2483 694 2556 responsis
711 2487 895 2560 prudentium
918 2485 1048 2558 fluxerat,

88 2554 195 2623 partini
212 2553 348 2607 traditum
366 2553 446 2606 libna
463 2570 499 2606 ex
516 2553 547 2618 Q.
565 2554 676 2608 Mucio²
692 2554 789 2616 factis,
813 2554 862 2620 qui
879 2553 987 2621 primus
1004 2554 1049 2606 ius

90 2621 174 2676 civile
186 2620 373 2674 constituerat
384 2619 429 2686 (L.
442 2626 466 2672 9
479 2625 503 2684 ἕ.
512 2627 554 2673 41.
566 2619 601 2678 D.
614 2621 650 2674 de
662 2620 731 2689 orig.
743 2621 796 2672 iur.
810 2628 833 2685 1,
845 2625 873 2685 2)
887 2619 1049 2697 additoque,

89 2691 123 2742 ut
139 2687 189 2742 ille
207 2688 261 2744 alio
279 2689 392 2742 tantum
408 2687 522 2742 nomine
536 2680 634 2756 (door)
647 2687 762 2751 fecerat,
780 2687 852 2740 libro
864 2686 1001 2756 singulari
1012 2687 1049 2741 de

88 2754 207 2824 regulis,
223 2756 329 2824 partim
346 2757 407 2810 arte
424 2755 548 2824 quadam
566 2755 752 2824 compositum
769 2754 932 2824 regularum
948 2755 1050 2821 libris,⁸

164 2911 184 2980 ¹)
198 2913 258 2963 Nam
273 2915 423 2976 Digestorum
442 2915 616 2978 compositores
632 2931 660 2964 eo
675 2915 712 2964 usi
727 2923 790 2976 sunt,
804 2915 890 2978 quibas
905 2916 1049 2966 lastinianus

89 2987 258 3048 imperaverat,
265 2993 291 3033 nt
301 2999 343 3033 eos
353 2993 442 3034 tautum
452 2985 600 3048 adhiberent,
613 2983 710 3050 ‘quibus
720 2987 885 3034 auctoritatem
892 2987 1049 3036 coaoeriben-

90 3057 175 3106 darum
183 3056 463 3120 interpretandarumque
472 3055 550 3118 legum
561 3057 718 3105 sacratissimi
728 3057 849 3120 principes
859 3053 1048 3119 praebuissent’·⁸

92 3123 113 3192 ²)
128 3126 190 3188 Nou,
203 3134 229 3176 ut
242 3127 306 3176 illius
322 3133 345 3174 et
359 3127 482 3190 sequentis
497 3127 550 3175 aevi
563 3127 609 3176 riri
622 3125 781 3192 πρακτικοί,
795 3127 825 3176 ad
840 3127 966 3187 Sabinam,
982 3126 1049 3174 iasti-

90 3199 179 3260 diente,
193 3204 220 3246 nt
232 3205 299 3260 puto,
314 3197 368 3246 Gaii
381 3198 451 3259 genio
467 3194 640 3246 ‘deteramenta
653 3196 797 3248 Masuriana’
815 3197 905 3262 (Frout.
920 3211 959 3258 ep.
973 3196 1004 3244 ad
1018 3197 1047 3244 id.

91 3269 159 3318 Caes.
175 3279 196 3330 a,
211 3267 242 3333 1.)
257 3269 273 3316 i.
289 3283 310 3316 e.
325 3281 423 3318 casuum
442 3282 516 3331 super
533 3281 604 3318 casus
618 3269 836 3329 coacervationem,
857 3267 920 3315 nnita
934 3267 1048 3314 naturalis

90 3353 171 3388 renim
184 3339 277 3387 ordinis
291 3339 384 3387 ratione
398 3339 492 3400 habita,
510 3340 574 3402 quod
593 3353 667 3401 genus
682 3339 803 3388 scribendi
818 3337 900 3386 Sabini
914 3335 969 3384 iibri
990 3337 1049 3384 iuris

91 3409 169 3459 ciriiis
182 3409 336 3458 desiderasse
349 3409 467 3458 ridentur.
491 3408 549 3461 Nam
560 3409 633 3458 Gtins
648 3409 726 3458 omnia
741 3410 771 3457 ad
785 3420 924 3470 generasse
935 3419 1048 3454 revocare

91 3480 203 3540 malebat,
217 3487 242 3528 ut
254 3479 283 3536 Q.
300 3479 390 3527 Mucias
404 3480 501 3527 lecerat.
545 3477 566 3544 ⁸)
581 3480 625 3528 Hic
640 3494 734 3542 quoque
749 3479 863 3526 librorum
877 3476 959 3524 titulus
973 3489 1048 3537 paene

91 3565 167 3600 novus
182 3557 290 3598 crat'ncc
305 3556 374 3597 antea
388 3563 401 3598 a
416 3563 535 3612 qucquam
549 3551 596 3598 nisi
611 3565 624 3597 a
638 3548 734 3598 Neratio
749 3548 831 3595 Prisco
846 3552 982 3608 usurpatus.
