2464 3978
185 139 248 204 148
477 157 534 193 nan
553 158 645 192 mortu.
664 139 712 192 ΙΠ.
733 143 846 194 38-41.

185 288 284 346 herede
299 297 399 363 potest,
430 297 457 345 et
471 287 547 344 'illud
563 279 777 366 conuenien(ter
790 280 949 360 dioelturz¹
965 287 994 344 sl
1017 286 1049 342 ad
1066 303 1160 360 agna·
1173 303 1227 350 [ern

186 380 243 430 turm
264 375 323 430 iure
345 373 416 430 ciuili
437 374 555 448 pertinet
576 371 729 443 heredites,
753 381 780 428 et
799 373 821 428 is
845 371 942 428 adierit
958 371 1160 442 hereditatem,

101 455 102 458 ’
185 459 233 514 sed
256 457 391 514 horrorum
406 459 607 532 possessionem
624 465 718 532 petere
740 456 875 528 noluerit,
898 456 936 511 'et
955 448 1016 512 sie²
1035 457 1105 530 quis
1129 473 1164 512 ex

185 543 315 617 proximis
330 535 484 616 'coguatis³
499 543 624 616 petierit,
646 542 704 597 sine
719 558 749 597 re
765 539 872 597 habebit
887 539 1025 596 bonorum
1039 557 1164 615 posses-

182 629 287 683 sionem
308 635 421 701 propter
442 627 552 684 eandem
576 628 718 682 rationem.
762 621 812 683 ³8.
837 624 907 681 Sunt
923 633 951 681 et
973 625 1022 682 alli
1042 625 1165 699 quidam

113 711 284 771 135.similes
307 727 402 776 ersus,
425 727 541 785 quorum
565 711 693 784 aliquos!
714 712 855 784 superiore
877 711 1077 766 commentario
1105 719 1165 765 tra-

183 789 326 853 dhlimus.⁴
420 827 422 834 ,
500 799 504 807 “
825 789 860 840 '-

245 875 296 938 89.
319 879 396 936 Nune
411 880 445 936 de
461 879 621 936 libertorum
644 881 721 936 bonis
738 879 886 935 uideamus.
931 873 983 935 4⁰.
1008 877 1084 934 Olim
1108 880 1165 934 ita-

64 1002 79 1024 -.
183 981 237 1039 que
252 963 348 1020 licebat
363 963 461 1021 liberto
477 973 622 1038 patronum
637 981 717 1020 suurn
743 956 915 1042 ‘(im)pune⁵
935 964 963 1018 in
986 969 1163 1020 testamento

183 1050 354 1124 praeterire:
374 1065 435 1104 nam
450 1050 487 1104 ita
502 1048 611 1104 demum
632 1048 673 1104 lex
690 1065 735 1105 xrr
752 1047 904 1104 tabularum
921 1047 954 1103 ad
971 1047 1163 1104 hereditatem

184 1133 275 1190 liberti
292 1131 405 1188 uocabat
420 1140 578 1206 patronum,
594 1134 616 1188 si
631 1133 781 1190 intestatos
796 1141 923 1188 mortuns
936 1141 1011 1189 esset
1027 1131 1163 1198 libertus,

183 1217 332 1274 nullosne
358 1217 457 1274 herede
483 1217 597 1274 relicto:
625 1219 718 1291 itaque
743 1219 873 1274 intestato
901 1233 1014 1290 quoque
1042 1225 1163 1273 mortno

183 1302 293 1371 liberto,
309 1303 332 1356 si
348 1302 370 1358 is
386 1317 466 1359 suem
483 1301 610 1357 heredem
626 1302 791 1375 reliquerat,
809 1300 875 1356 nlhil
892 1303 1015 1357 inbonis
1033 1302 1096 1357 eius
1114 1319 1163 1376 pa·

183 1395 264 1442 trono
280 1387 348 1442 iuris
363 1394 436 1455 erat3
460 1395 487 1442 et
509 1388 531 1440 sl
553 1386 662 1459 quidem
684 1403 716 1442 er
739 1385 909 1442 naturalibus
925 1384 1019 1442 llberis
1035 1385 1162 1460 aliquem

183 1486 262 1550 suum
279 1470 405 1526 heredem
427 1470 599 1543 reliquisset,
623 1469 697 1526 nulla
719 1471 862 1526 uidebatur
884 1485 945 1526 esse
966 1467 1111 1546 querella3
1135 1473 1161 1526 si

187 1558 253 1610 u'ero
270 1553 316 1609 nel
331 1554 476 1628 adoptiuus
493 1553 565 1610 lilius
581 1553 670 1610 liliaue
684 1553 727 1611 uel
744 1571 822 1626 uror,
839 1555 954 1628 quaein
971 1569 1053 1610 manu
1070 1565 1160 1625 esset,

182 1635 275 1712 'huus
290 1632 368 1713 uel)⁶
382 1655 430 1694 sua
445 1639 526 1696 heres
542 1645 630 1710 esset,
651 1645 745 1713 aperte
767 1640 892 1712 iniquum
908 1647 983 1710 erat,
1000 1639 1070 1694 nihil
1088 1641 1161 1696 iuris

158 1775 160 1780 .
183 1731 300 1798 patrono
315 1739 468 1797 superesse.
512 1719 557 1779 41.
582 1722 638 1791 Qua
654 1723 687 1779 d'e
702 1739 783 1781 eausa
798 1731 893 1797 postea
909 1725 1046 1797 praetoris
1061 1724 1160 1781 edicto

184 1810 250 1865 haec
271 1809 336 1864 iuris
357 1809 486 1881 iniquitas
503 1807 643 1864 emendata
659 1815 715 1864 est:
737 1809 796 1883 siue
818 1809 888 1863 euim
905 1807 988 1865 laniat
1005 1815 1161 1865 testamen·
1226 1811 1227 1818 ’

187 1901 244 1948 tum
260 1893 388 1962 libertus,
405 1891 514 1949 iubetur
529 1893 567 1949 ita
584 1893 691 1964 testari,
706 1899 738 1950 ut
754 1899 870 1966 patrono
886 1907 937 1948 suo
954 1900 1059 1966 partem
1076 1893 1161 1950 dimi·

187 1977 256 2032 diam
279 1977 411 2032 bonorum
432 1991 546 2032 suorum
567 1976 716 2050 relinquat,
744 1985 772 2034 et
793 1977 816 2032 si
837 1983 882 2032 aut
904 1977 971 2032 nihil
992 1979 1158 2034 autminus

187 2077 268 2134 quam
283 2067 387 2133 partem
402 2059 538 2118 dimidiam
550 2060 796 2135 reliqueritpdatur
806 2069 924 2135 patrono
937 2071 1033 2118 contra
1046 2061 1159 2120 tabulas

186 2146 343 2203 testamenti
351 2145 435 2218 partis
445 2145 569 2202 dimidiae
579 2144 715 2202 honorum
724 2143 880 2220 possessio}
895 2147 918 2201 sl
929 2161 997 2202 uero
1006 2147 1158 2224 intestatus

185 2232 321 2287 moriatur
335 2246 386 2284 suo
402 2230 502 2286 herede
517 2228 614 2286 relieto
630 2222 760 2304 adoptiuo
776 2228 832 2287 lilio
845 2226 912 2305 (uel)
925 2246 1023 2302 uxone,
1040 2248 1112 2304 quae
1125 2236 1157 2289 in

184 2331 267 2370 mauu
286 2315 373 2388 ipsius
395 2322 484 2387 esset,
507 2314 551 2386 uel
571 2331 659 2386 nuru,
681 2331 750 2388 quae
770 2317 798 2372 iu
821 2331 902 2371 manu
917 2311 968 2371 lilii
982 2317 1042 2372 eius
1056 2315 1156 2390 inerit,
1224 2319 1225 2322 ’

185 2398 266 2456 datur
279 2414 364 2472 aeque
379 2407 496 2472 patrono
512 2398 649 2455 aduersus
660 2399 711 2454 hos
722 2415 788 2456 suos
801 2399 915 2455 heredes
927 2402 1014 2473 partis
1026 2399 1157 2459 dimidiae

116 2482 324 2543 metopon-um
345 2485 492 2556 possessio.
528 2491 645 2558 prosunt
666 2491 756 2540 autem
774 2482 874 2540 liberto
896 2483 929 2539 ad
945 2477 1155 2561 erloludendum

189 2619 403 2626 »ψῃ-β.-

192 2704 237 2738 eos
255 2691 321 2738 enim
339 2705 402 2739 suus
420 2690 561 2739 hereseon
576 2696 646 2747 erat,
666 2689 710 2739 cui
728 2691 772 2738 tea
790 2688 957 2738 hereditatem
976 2705 1027 2740 non
1042 2682 1155 2743 dederat

192 2759 355 2808 redeuntum
373 2775 424 2810 non
443 2761 589 2817 adernemtn
607 2760 656 2810 hoe
675 2774 739 2809 casu
755 2759 842 2826 produ
861 2761 985 2810 renaotior
1004 2776 1054 2811 non
1074 2779 1154 2814 noea·

193 2829 271 2878 batur
288 2827 322 2894 (5.
341 2829 387 2896 as).
463 2827 482 2897 ¹)
502 2831 559 2879 illud
578 2831 751 2880 conuenienter
771 2830 797 2880 0,
817 2831 992 2894 es.1,81.82.
1011 2832 1073 2882 huie
1092 2851 1154 2885 con·
1222 2871 1223 2874 η

184 2900 313 2949 uenientes
326 2901 366 2950 ed.
381 2916 437 2950 mea
450 2913 472 2953 a.
487 2903 545 2952 coll.
561 2901 594 2950 L.
610 2913 643 2952 to.
659 2903 683 2963 θ.
698 2914 718 2953 1.
734 2901 767 2952 Ι),
781 2902 814 2951 de
828 2917 885 2966 aeq.
905 2917 960 2951 rer.
980 2903 1045 2953 doru.
1064 2902 1111 2970 (41,
1127 2907 1152 2973 1)

184 2982 205 3028 a,
221 2982 270 3022 160.
292 2967 373 3039 [illud]
390 2973 561 3021 conuenienter
575 2971 649 3022 Stud.
665 2973 704 3022 ed.
758 2967 779 3037 ²)
795 2973 841 3022 etsi
857 2973 883 3022 0.
898 2972 957 3024 edd.
977 2975 1023 3023 etsi
1038 2970 1078 3041 [er
1092 2991 1152 3040 pro-

184 3038 269 3109 ximis]
286 3049 401 3105 cognatus
415 3043 455 3092 ed.
465 3042 539 3093 Stud.
592 3039 614 3108 θ)
629 3050 743 3105 cognatus
756 3043 782 3092 0.
793 3044 833 3093 ed.
844 3043 893 3109 Bp.
903 3045 951 3094 sed
959 3046 1065 3107 cognatis
1076 3049 1116 3098 ed.
1126 3061 1149 3101 5.
1221 3047 1222 3090 ἓ

185 3109 347 3248 ἔξδεφιίιιιν
361 3115 431 3164 linea
445 3130 535 3164 naono.
597 3111 618 3180 ⁵)
634 3129 696 3178 pune
717 3113 744 3162 V
744 3109 773 3162 ’ἦ
795 3115 833 3177 Of.
846 3131 890 3178 pr.
906 3114 928 3165 I.
943 3115 968 3164 lt.
983 3122 1002 3164 t.
1018 3116 1049 3182 (a,
1061 3116 1094 3183 t).
1221 3105 1222 3124 ¹

215 3183 331 3234 Addidi.
596 3207 599 3212 ·
965 3213 973 3228 ·

184 3291 397 3300 —u--m--a

258 3355 284 3427 §-
301 3359 343 3409 38.
362 3359 400 3422 Cf.
416 3369 437 3417 2,
453 3372 499 3410 119.
516 3371 563 3410 148.
581 3371 628 3410 149.
679 3355 724 3498 ἐξ.
736 3363 778 3412 39.
789 3363 831 3414 40.
849 3385 882 3404 =
893 3378 937 3426 pr.
953 3361 975 3412 I.
991 3363 1023 3412 de
1035 3380 1146 3420 success.

186 3429 230 3478 tib.
246 3428 277 3495 (s,
294 3427 324 3494 r).
346 3430 384 3492 Cf.
404 3428 459 3492 lltp.
475 3440 510 3488 er,
526 3442 545 3480 1.
566 3440 601 3486 ee,
616 3443 635 3482 1.
716 3434 779 3482 .41.
797 3433 1013 3498 =§.1.I.eud.
1035 3435 1068 3492 Cf.
1090 3439 1146 3504 Uip.

188 3509 221 3555 Ί9)
236 3511 256 3548 1·
315 3521 318 3526 ⁸
649 3525 654 3530 -
703 3521 708 3525 .
753 3525 756 3530 ¹
778 3525 780 3530 Ι
