2496 3984
363 252 367 259 ,
432 216 490 252 aaa
508 217 599 253 manin.
619 201 639 252 I.
659 207 701 254 22.
1003 203 1044 266 31

81 349 190 406 Iuniani
207 341 410 420 appeliantuc¹3
427 345 513 404 Latini
526 347 598 420 ideo,
618 349 680 422 quia
699 349 849 408 adsimulati
868 359 931 408 sont
944 351 1048 408 Latinis

83 431 381 500 coioniariia31uniani
402 431 482 502 ideo,
510 433 571 505 quia
593 449 643 506 per
663 433 752 506 legem
772 435 872 492 ioniam
894 435 1046 492 libertatem

89 587 197 636 creditor
211 612 244 622 —
259 599 299 635 sen
314 610 348 620 ·-
364 583 528 632 debitoris-
543 585 602 646 legis
617 613 651 620 —-
666 587 767 648 pecnnia
782 613 815 622 -
831 603 857 635 ea
873 587 1002 635 traditione
1012 613 1047 624 -

29 661 39 678 '
85 655 301 720 tnancipationihns
320 681 355 690 —
374 654 480 702 Latinam
500 682 533 690 —
556 655 576 702 is
598 655 663 721 quia)
681 665 830 720 praestant,
852 659 888 706 ad
907 657 1047 706 earundem

87 727 178 777 Scied.
195 727 288 775 ductus
297 732 323 774 et
335 726 477 774 sententiae
487 725 698 788 probabilitatem
708 730 841 778 resarcire
851 735 1046 786 concluseram,

87 801 114 847 in
129 798 166 847 ed.
183 809 204 848 6.
216 798 312 860 poncia
327 797 354 844 in
370 797 392 857 §-
408 807 441 846 aa
457 798 574 856 mutatio,
594 799 621 846 in
635 798 705 848 dune
719 800 836 848 modum:
855 797 890 861 (ξ.
905 801 963 849 21⁸.
986 797 1046 848 Cum

85 884 148 919 aero
169 871 224 933 ieqe
242 867 313 916 Aetia
332 867 421 916 Sentia
440 874 583 916 testamento
606 883 610 922 ι
629 871 731 932 primus
751 871 866 933 scriptae
887 873 959 920 solua
980 871 1048 918 ciuis

83 940 219 990 Romanus
229 940 286 1002 fiat,
296 939 407 1002 placuit,
422 940 445 986 si
459 939 517 1002 quio
528 939 599 1001 sorte
615 953 619 996 ι
636 953 664 988 ex
677 943 785 990 'ancilia
799 957 842 992 sua
856 949 926 992 natos
936 937 1043 1004 spurios’

82 1009 130 1078 [de
145 1011 194 1060 doc
215 1011 320 1075 culpari
333 1025 356 1058 a.
370 1011 519 1072 spuriorum
534 1025 581 1060 aaa
596 1011 632 1074 es.
648 1011 787 1062 Forcetiin.
803 1029 823 1061 o.
840 1015 947 1076 spurina
966 1013 992 1062 in
1007 1008 1045 1080 fi]

84 1079 194 1131 ‘liberos
215 1088 240 1130 et
253 1080 362 1129 heredes
380 1081 538 1143 scripserit,
558 1096 642 1131 omnes
660 1097 751 1133 aeraoa
769 1099 884 1144 manere,
906 1084 968 1148 quia
987 1084 1045 1148 quia

76 1155 183 1217 primus
197 1153 239 1214 ait,
255 1166 290 1200 eac
305 1166 335 1199 ea
350 1152 472 1205 araitione
487 1165 537 1200 non
553 1153 723 1217 intellepitar,
743 1170 790 1204 nec
812 1157 838 1202 in
855 1156 977 1218 fraudem
992 1169 1046 1202 cre·

82 1225 191 1272 ditonum
205 1224 298 1286 piures
313 1237 341 1270 ex
358 1233 361 1279 ι
377 1224 529 1285 patrimonio
544 1223 636 1272 debent
653 1225 791 1281 deeedere‚·
811 1227 922 1290 denique
940 1231 1048 1274 cenatas

82 1296 202 1345 oonautto
212 1295 247 1342 ad
256 1296 336 1358 iepem
345 1293 441 1343 Foliam
451 1291 591 1344 Caniiniam
603 1295 677 1356 facto
691 1297 820 1358 prouisum
830 1304 876 1356 eat,
891 1311 922 1344 ne
933 1298 960 1344 in
971 1303 1045 1358 pote·

84 1372 148 1414 atate
163 1365 278 1414 debitoris
293 1371 359 1414 eeaet
373 1367 446 1417 eiuai
464 1365 524 1426 legis
538 1367 715 1416 auctoritatem
733 1381 777 1429 per
790 1367 859 1416 itanc
877 1374 953 1416 artem
971 1381 1045 1414 euer-

84 1433 162 1486 tere'.
192 1430 248 1486 21¹³.
265 1432 311 1502 [cf.
328 1437 351 1497 ξ.
367 1433 414 1503 ln]
431 1434 484 1484 'Ea
498 1437 555 1484 iure
573 1433 712 1494 Quiritium
729 1447 733 1492 1
749 1438 778 1486 iit
792 1451 878 1486 acanus
892 1445 980 1487 noster
994 1451 1044 1486 non

78 1523 132 1571 per
147 1507 200 1556 doc
210 1509 303 1566 solum,
324 1508 392 1571 quod
410 1507 511 1570 pecnnia
525 1514 606 1556 nostra
628 1505 808 1570 conparatur',
825 1505 872 1576 [cf.
887 1509 919 1558 L.
935 1520 969 1560 66.
985 1511 1007 1569 5.
1023 1519 1045 1558 6.

84 1579 117 1627 D.
133 1579 166 1628 de
180 1575 222 1626 tid.
239 1593 319 1626 caasa
333 1575 442 1644 ao‚1a]t
459 1575 517 1626 ‘sed
534 1577 641 1628 niteriua
659 1581 804 1643 requiritur
823 1581 891 1630 iusta
910 1581 983 1629 serui
1001 1595 1045 1628 ac·

84 1650 191 1714 qniaitio
201 1655 345 1712 proptterea
360 1650 423 1712 qnod
437 1649 552 1712 quaedam
567 1651 642 1698 etiam
657 1664 706 1700 non
722 1651 798 1699 instae
816 1657 871 1699 aunt
892 1651 1045 1714 acquisitio-

85 1735 146 1776 nea,·
161 1715 219 1769 naim
234 1725 239 1772 i
256 1734 292 1782 ea,
307 1734 367 1782 quae
378 1720 505 1768 traditione
521 1721 669 1778 alienantur,
684 1723 796 1783 quamuis
806 1723 918 1783 mancipi
927 1723 987 1778 aiat,
998 1735 1046 1768 nec

86 1794 129 1840 nei
141 1793 331 1854 {mancipatione
346 1793 388 1840 uel
401 1793 430 1840 in
444 1793 502 1840 iure
512 1792 623 1840 cessione
637 1793 680 1839 uel
690 1793 855 1854 usucapioine
865 1792 1045 1854 acquirantur,

84 1869 184 1912 tantum
200 1863 226 1911 in
240 1859 407 1925 boniafiant’.
441 1864 483 1912 22.
501 1858 548 1928 [cs.
559 1863 582 1922 ξ.
594 1858 640 1928 tu]
662 1857 787 1910 ‘Latinus
798 1864 829 1925 fit
843 1877 877 1910 ex
889 1869 892 1912 t
904 1861 958 1926 lepe
968 1861 1045 1910 Aelia

82 1933 176 1983 Sentio
190 1948 283 1982 ceruam
290 1935 375 1982 minor
384 1939 448 1981 XXX
456 1948 592 1992 annorum,
607 1935 652 1996 qni
661 1939 808 1983 testamento
820 1935 861 1982 uei
871 1934 939 1982 inter
948 1934 1045 1982 amicae

81 2020 165 2054 cauca
175 2004 289 2068 probata
304 2003 445 2065 libeqratar:
460 2019 598 2068 quanquam
613 2003 720 2052 Latinum
736 2003 790 2067 ipaa
805 2007 849 2054 lese
863 2001 940 2053 Aetia
954 2002 1045 2054 Sentio

81 2076 196 2126 nondum
208 2076 290 2138 facim·
308 2076 366 2124 item
387 2075 432 2139 qui
450 2090 481 2123 ea
502 2082 586 2124 aetate
602 2081 606 2133 i
621 2077 702 2124 naaion
716 2091 728 2123 a
744 2075 855 2133 domino,
876 2077 950 2124 cuius
964 2082 1002 2124 eat
1016 2076 1045 2122 in

80 2147 169 2205 bonis,
188 2147 298 2210 quamuis
317 2147 382 2195 insta
405 2147 600 2195 manumissione
616 2154 620 2191 t
636 2147 832 2206 manumittitur,
852 2149 894 2196 uei
913 2148 958 2208 qui
976 2148 1046 2194 inter

80 2221 179 2267 amieos
198 2214 349 2280 liberatur',
369 2214 557 2284 [Epit.1,1,a.
578 2218 682 2267 addidit
698 2231 743 2279 per
761 2219 886 2281 epistolam
902 2224 925 2265 et
939 2215 1045 2264 conuiuii

80 2289 246 2348 adhibitione;
267 2303 318 2342 non
339 2303 374 2337 eac
398 2287 471 2338 Gaio.
503 2288 540 2351 Cf.
560 2300 582 2346 1,
599 2301 633 2339 41.
653 2284 702 2353 aa]
726 2284 761 2336 ‘ai
781 2289 855 2338 modo
876 2289 930 2336 alia
946 2299 950 2345 ι
967 2300 1045 2350 eausa

80 2359 230 2408 libertatem
249 2374 299 2409 non
314 2355 457 2422 impediat’.
479 2356 525 2426 [cs.
541 2361 564 2420 ξ.
580 2356 628 2426 aa]
655 2355 694 2407 ‘in'
708 2373 794 2407 onanea
808 2365 891 2407 tamen
906 2360 965 2408 oiim
980 2359 1045 2420 quii·

79 2433 139 2480 dem
156 2432 183 2478 in
199 2431 276 2479 torma
291 2429 418 2479 libertatis
432 2428 614 2488 cernebantur,
630 2445 685 2479 cum
695 2437 867 2491 praetereas,
878 2430 938 2478 ticet
954 2437 958 2488 Ι
973 2431 1047 2477 aerati

78 2517 118 2552 ecc
137 2503 196 2550 iure
218 2499 355 2560 Quiritium
376 2506 473 2556 eaaent,
496 2501 522 2547 in
544 2499 663 2549 libertate
677 2506 800 2546 tueretur.
827 2515 895 2546 rauna
911 2514 973 2548 uera
995 2496 1044 2547 lai’.

78 2572 161 2622 Haec
174 2575 260 2622 omnia
278 2574 454 2644 supplementa
474 2585 542 2618 nanc
560 2585 596 2618 em
608 2577 682 2618 textu
696 2567 809 2616 eiciendi
830 2569 876 2616 itta
891 2583 971 2617 cauca
983 2570 1045 2630 secia,

78 2643 154 2709 qaod
167 2641 274 2692 Studua
288 2657 378 2708 apopr.
390 2657 418 2704 p.
438 2640 517 2690 XIII.
533 2648 558 2689 et
571 2641 607 2688 ad
620 2641 645 2688 d.
660 2642 685 2700 1.,
701 2646 728 2687 ut
743 2654 811 2687 nunc
826 2645 990 2701 comparatae
1008 2645 1047 2687 eat

79 2715 178 2776 codeac,
192 2711 356 2762 Biuimianie
370 2715 424 2761 iiiia
434 2727 529 2762 omnem
535 2711 612 2774 fidem
622 2710 744 2768 detrudit,
760 2709 861 2758 adiecto
872 2712 898 2758 in
909 2710 948 2758 ed.
955 2710 1045 2774 praef.

75 2803 109 2849 p.
130 2784 162 2833 V.
178 2791 228 2834 not.
245 2797 264 2834 1.
284 2785 359 2834 etiam
378 2784 461 2846 ipsius
475 2781 601 2844 Biadmii,
620 2778 692 2832 aenia'
704 2789 786 2830 tamen
805 2787 830 2829 et
843 2795 870 2831 ae
884 2783 1045 2840 excusantis,

79 2858 116 2905 de
127 2857 170 2914 iia,
181 2856 250 2920 quod
260 2856 358 2918 fertur,
373 2855 471 2903 iudicio
486 2853 561 2918 (daec
577 2851 648 2904 ‘olim
662 2869 677 2902 a
692 2868 719 2902 aa
734 2853 816 2902 obiter
831 2854 945 2917 inspecto
956 2854 1047 2903 codice
1100 2853 1107 2862 ‘

80 2927 219 2990 descripta
234 2923 299 2976 eaee'
317 2925 390 2992 etei:
408 2939 495 2974 aerum
510 2931 592 2974 tamen
608 2927 635 2973 in
650 2925 710 2973 adn.
725 2925 836 2986 retinui,
856 2925 997 2990 Hotiwepii
1011 2925 1044 2973 de

79 3013 114 3048 eo
129 3005 253 3060 tempore,
273 3012 322 3061 quo
336 2995 471 3045 Biudmiuo
492 3003 551 3045 ante
570 2997 757 3060 quinquaqinta
777 3011 860 3046 annon
878 2997 991 3046 codicem
1005 2998 1045 3044 in-

80 3075 209 3132 spexerat
222 3083 319 3132 suaque
334 3075 490 3125 enotaaerat,
501 3068 601 3116 iudicio
611 3069 639 3116 in
650 3067 804 3130 Zeitaedr.f.
817 3065 996 3132 Recitapmcd.
1013 3065 1043 3113 V.

77 3157 108 3204 p.
125 3151 173 3190 666.
193 3139 312 3189 nonnihit
326 3137 449 3189 tribuens.
510 3135 529 3204 ¹)
543 3136 589 3188 Sic
607 3133 661 3196 W,
676 3139 712 3186 ad
726 3153 797 3202 quem
811 3140 887 3186 etiam
901 3140 928 3186 in
942 3137 1046 3198 suppte-

82 3212 177 3260 rnentia
191 3209 400 3260 antecedentibus
414 3209 539 3273 quaedam
553 3209 750 3259 accommodavi.

157 3353 181 3412 §-
196 3353 253 3401 Ν.
270 3351 308 3414 Cf.
324 3351 393 3414 Epit.
410 3362 431 3410 1,
446 3363 465 3402 a.
481 3353 504 3412 ξ.
520 3363 540 3402 6.
556 3351 630 3414 infra
645 3352 716 3412 ad'§.
731 3361 765 3401 ta.
812 3345 837 3414 ξ
848 3342 906 3397 21¹2.
923 3346 961 3409 Os.
976 3347 999 3406 ἕ.
1010 3357 1044 3396 17.

83 3425 161 3472 cuiue
175 3421 291 3474 ordinem
302 3425 495 3486 praescriptum
512 3422 592 3472 Gaiae
607 3425 682 3472 etiam
693 3427 754 3484 poat
768 3421 794 3468 in
809 3419 906 3466 Latino
921 3423 1047 3465 accurate

83 3495 210 3558 sequitur.
243 3491 298 3558 vap.
315 3507 335 3551 1,
351 3505 385 3544 16.
398 3493 447 3542 Fr.
457 3494 519 3542 Doa.
533 3505 553 3544 6.
569 3494 643 3556 infra
657 3495 680 3553 ξ.
696 3501 729 3542 ao.
745 3502 766 3546 2,
776 3501 811 3539 41.
821 3499 867 3538 664.
910 3483 935 3555 ξ.
946 3489 988 3536 22.
1006 3487 1044 3550 Cf.

86 3566 161 3627 infra
177 3575 202 3623 a,
218 3574 251 3615 oa.
276 3564 332 3628 Uip.
348 3577 368 3620 ι,
384 3576 416 3614 ιο.
434 3576 466 3614 16.
493 3563 536 3612 Fr.
552 3564 651 3613 Bostra.
667 3573 688 3612 n.
703 3573 723 3611 6.
743 3560 812 3623 Eptt.
829 3572 854 3616 1,
869 3571 888 3608 ι.
905 3561 932 3618 a.v
943 3570 963 3608 a.
984 3559 1047 3608 imon
