2464 3978
363 247 422 284 enan
439 247 530 284 nrorrr.
551 230 599 284 ΙΙΙ.
619 221 733 286 48-51.
967 231 1030 296 151

62 371 204 449 iaciunt,¹
221 385 251 433 ut
266 377 290 434 ei
306 377 392 434 uirilis
407 395 469 452 pars
484 377 632 448 debeator3
653 381 677 434 si
693 395 760 436 nero
776 386 940 436 testamento
957 377 1028 438 iacto

61 469 172 518 mortua
193 462 229 518 sit
244 461 355 533 liberta',
375 462 428 518 tale
440 465 485 519 ius
501 465 525 519 ei
541 463 634 534 datur,
657 463 769 540 quale
758 463 850 520 datum
871 473 913 520 est
933 473 1028 521 eontra

62 545 169 601 tabulas
186 548 341 604 testamenti
356 541 472 619 liberti,²
487 547 514 604 id
530 553 583 620 est,
600 547 678 621 quale
694 555 722 604 et
738 547 825 604 uirilis
839 564 921 605 senus
937 557 1029 622 patro·

61 645 165 686 norum
180 627 258 686 liberi
273 639 367 687 eontra
383 631 488 688 tabutas
503 633 658 716 testamenti
671 631 760 688 liberti
773 631 887 690 habent.
905 635 1029 710 quamuis

61 730 158 788 parum
168 713 320 789 diligenter
335 732 366 771 ea
381 732 442 790 pars
458 715 527 792 legis
543 705 645 790 scripta
665 718 712 772 sit.
755 713 805 773 48.
829 715 866 772 Ex
888 718 930 773 tris
947 733 1030 792 appa·

4 801 50 848 60]
64 806 127 869 ret,
149 806 298 916 extraneop
320 799 434 856 heredes
455 807 637 874 patronorum
657 800 765 876 ionge’
769 809 889 857 remotos
911 817 973 858 6666
997 801 1030 858 ab

61 884 141 938 omni
155 899 188 940 eo
204 883 278 954 iure,
281 877 383 958 ³quod
399 885 471 940 uei
463 901 492 940 nn
507 887 702 941 intestatorum
718 884 801 941 bonis
813 885 856 941 uei
871 893 967 943 contra
989 895 1030 941 ta·

62 967 143 1023 bulas
160 969 314 1024 testamenti
330 969 445 1042 patrono
461 969 601 1042 competit.
655 973 656 978 ’

123 1047 180 1109 49.
201 1051 333 1108 Patronae
349 1051 414 1108 olim
429 1061 491 1109 ante
506 1053 594 1126 tegern
606 1052 710 1126 Papiam
727 1053 780 1110 hoe
795 1053 884 1110 solum
894 1055 936 1110 ius
950 1053 1034 1110 habe·

61 1137 130 1192 bant
149 1138 179 1192 in
200 1135 278 1192 bonis
300 1135 476 1206 libertorum,
502 1137 676 1210 quodetiam
698 1139 821 1210 patronis
843 1154 876 1195 en
897 1138 959 1212 tege.
983 1153 1032 1195 x11

62 1216 217 1276 tabularum
238 1219 329 1277 datum
346 1229 396 1277 est.
428 1228 478 1278 nec
497 1223 569 1278 enim
585 1230 725 1278 utcontra
741 1221 847 1279 tabutas
864 1227 1030 1279 testamenti

61 1306 165 1379 ingrati
186 1303 275 1360 liberti
297 1305 340 1361 uei
362 1303 394 1360 ab
415 1307 546 1362 intestato
569 1312 665 1362 eontra
693 1304 777 1361 titium
799 1306 958 1380 adoptiuum
984 1307 1029 1363 661

61 1405 179 1445 uxorem
195 1384 331 1444 morumne
344 1388 479 1452 honorum
494 1391 695 1463 possessionem
712 1391 795 1463 partis
811 1390 935 1446 dimidiae
951 1400 1029 1464 pete·

61 1481 135 1544 rent,
153 1480 263 1546 praetor
278 1473 402 1530 similiter
418 1478 422 1542 Ι
440 1483 471 1530 ut
486 1473 519 1531 de
530 1481 646 1547 patrono
662 1471 808 1548 liberisque
822 1476 880 1530 eius
893 1471 1028 1532 curauit.4
1045 1487 1050 1494 ·

59 1553 113 1614 50.
137 1556 191 1613 Sed
213 1557 256 1613 lex
277 1557 357 1630 Papia
372 1558 478 1614 duobus
499 1557 591 1614 liberis
612 1557 790 1614 honoratae
783 1575 917 1634 ingenuae
934 1569 1028 1633 patro-

60 1658 128 1706 nae,
150 1633 154 1719 Ι
175 1640 316 1698 libertinae
332 1641 418 1698 tribus
433 1642 526 1700 eadem
542 1642 621 1698 iere
613 1657 672 1698 rara
687 1642 777 1713 dedit,
795 1659 867 1718 quae
890 1659 922 1699 en
937 1643 1027 1700 edicto
1040 1652 1109 1701 166

60 1726 200 1800 praetoris
216 1726 322 1799 patroni
338 1725 454 1796 habent3
471 1727 553 1783 trium
567 1740 636 1782 uero
648 1725 814 1782 liberorum
809 1743 866 1783 rure
879 1728 1028 1784 honoratae

60 1813 201 1886 ingenuae
221 1817 351 1884 patronae
377 1827 409 1867 ea
433 1813 493 1866 iura
514 1811 605 1881 dedit,
632 1827 705 1884 quae
727 1827 775 1884 per
798 1811 911 1867 eandem
938 1811 1028 1886 legem

60 1903 182 1969 patrono
198 1893 258 1951 data
273 1903 352 1964 sunt3
374 1895 515 1951 libertinae
534 1902 624 1950 autem
645 1903 775 1969 patronae
795 1911 849 1951 non
869 1895 940 1950 idem
960 1897 1031 1975 iuris¹

63 1975 213 2052 praestitit.
254 1975 299 2038 tl.
323 1977 399 2046 Quod
415 1988 506 2036 autem
521 1978 554 2034 ad
570 1977 757 2035 libertinarum
772 1977 841 2036 bona
858 1981 988 2052 pertinet,
1004 1981 1029 2036 si

59 2063 175 2136 quidem
190 2063 333 2120 intestatae
348 2063 523 2126 decesserint.
539 2063 605 2120 nihil
616 2063 682 2120 notri
696 2072 826 2136 patronae
838 2063 929 2120 liberis
942 2065 1034 2121 hono·

65 2200 287 2209 ——-·—-

141 2266 162 2335 ¹)
178 2268 219 2318 Aa
231 2270 287 2332 pilio
299 2271 407 2334 patroni
421 2285 477 2319 eam
491 2271 518 2318 in
532 2270 600 2320 16666
611 2285 699 2320 aarum
708 2270 896 2320 assimilando?
916 2269 955 2333 Of,
966 2269 998 2318 L.
1008 2281 1033 2319 4.

59 2344 87 2404 §-
104 2351 139 2392 64.
162 2339 237 2390 aaa
251 2339 308 2390 bon.
323 2340 366 2390 tib.
382 2337 413 2406 (6,
427 2339 459 2407 4).
486 2341 557 2391 Hine
572 2355 633 2390 aero
647 2341 696 2389 otii
710 2347 735 2389 et
749 2339 960 2403 iadiofortoore
975 2342 1031 2403 ipre

62 2412 152 2462 Gaius
165 2400 286 2461 videntur
295 2411 421 2474 effecisse,
435 2413 527 2461 etiam
526 2413 553 2461 in
564 2418 672 2461 tentatae
681 2410 790 2460 libertae
801 2417 924 2476 quattuor
934 2410 1032 2460 liberos

59 2482 187 2533 trudentia
207 2481 281 2532 donia
298 2483 399 2532 virilem
421 2484 447 2532 ei
467 2489 610 2546 competere
630 2497 665 2532 ece
686 2483 813 2530 sententia
835 2483 901 2548 lepis
920 2481 1031 2550 Papiae,

61 2569 134 2618 quae
149 2554 182 2602 de
195 2552 282 2602 debita
292 2559 372 2616 parte
385 2555 503 2603 aenrerit.
570 2549 592 2617 3)
608 2551 714 2602 Gaiae
704 2567 762 2616 apra
773 2552 833 2615 sere
848 2553 914 2617 lepis
929 2541 1032 2616 Papiae

62 2623 148 2674 verba
161 2625 265 2687 referre
275 2624 409 2687 putandae
423 2631 469 2682 eet,
484 2626 649 2690 neplepenier
663 2625 701 2672 ita
716 2625 826 2680 toeutae,
842 2629 871 2672 nt
880 2623 1000 2672 tantum
989 2637 1032 2671 666

61 2697 116 2746 hoe
131 2710 196 2746 6666
211 2693 315 2760 (eontra
329 2694 429 2744 tabutas
443 2701 499 2744 teet.
515 2693 613 2760 liberta)
633 2695 721 2744 datum
738 2695 909 2759 aipnifieoret.
938 2693 1032 2758 Itaque

63 2767 209 2830 interpreti
223 2780 294 2815 omne
304 2767 353 2824 ina,
369 2766 438 2830 qnod
448 2765 497 2816 666
507 2781 569 2816 eaeo
580 2763 744 2829 eornpetebat,
755 2764 954 2830 intellegendam
964 2771 1032 2822 erat,

31 2894 33 2902 Ι
60 2839 122 2887 sive
136 2837 222 2886 edicto
234 2837 367 2900 praetorio
382 2834 485 2902 (quod'
475 2852 526 2886 eam
540 2836 773 2902 ripnilieanerotss.
783 2834 820 2902 46)
835 2837 889 2886 6666
904 2837 963 2900 ipra
978 2837 1034 2901 iepe

65 2909 159 2972 Papia
174 2908 261 2956 datum
276 2904 325 2972 (ἓξ
339 2917 374 2957 44
384 2905 433 2974 45)ε
449 2907 519 2972 quod
531 2921 595 2957 eane
605 2921 701 2971 porum
716 2907 891 2957 conveniebat.
913 2905 1033 2970 offiti-

63 2979 133 3028 Atra
148 2980 233 3028 omnia
244 2980 403 3041 placuerunt
417 2977 540 3044 Kraipero
555 2979 580 3028 Ιι.
596 2981 612 3030 t.
628 2979 736 3028 addenti
751 2974 885 3042 ‘patrono'
890 3016 896 3030 .
944 2973 965 3043 3)
984 2977 1034 3026 Re·

60 3050 144 3099 etitui
159 3045 265 3098 ‘Gaiae'
278 3064 307 3112 p.
320 3058 354 3100 66.
370 3055 490 3098 remotam
503 3050 536 3099 ab
551 3051 620 3098 omni
632 3065 662 3100 eo
677 3049 729 3098 iuro
748 3049 779 3098 iri
799 3049 839 3100 ed.
854 3048 902 3114 Bp.
933 3048 1036 3097 Firmnt

71 3116 133 3180 1²⁸²,
149 3121 177 3169 ia
191 3135 240 3184 quo
255 3127 339 3169 tamen
353 3135 404 3170 aon
419 3127 458 3170 eet
471 3119 625 3170 hereditario.
682 3117 703 3186 ⁴)
718 3118 764 3168 Ea·
778 3119 807 3168 V
806 3116 827 3152 ’3
841 3121 869 3168 in
880 3133 933 3184 quo
947 3125 1037 3168 tament

62 3190 170 3240 curabat
179 3192 270 3254 potiar
283 3205 359 3254 quom
373 3191 467 3240 curabit
480 3193 608 3255 seriptum
622 3205 677 3241 6666
692 3191 773 3240 virum
787 3197 833 3241 ent.

215 3308 291 3316 ——.

142 3373 168 3445 ξ.
182 3370 286 3440 48506.
304 3379 344 3439 ii.
359 3389 393 3428 66.
409 3389 443 3428 64.
511 3373 556 3446 §d-
571 3379 614 3428 46.
630 3379 672 3428 66.
699 3375 737 3440 cs.
757 3375 812 3440 tltp.
828 3387 863 3434 66,
877 3385 898 3426 6.
914 3387 936 3428 6.
956 3385 995 3435 66,
1013 3389 1037 3428 1.
1054 3380 1066 3404 '²

65 3448 102 3498 L.
119 3459 153 3498 aa.
173 3447 323 3499 1666666.
339 3448 382 3498 tib.
398 3446 446 3514 (aa,
462 3447 493 3515 6).
558 3443 585 3516 ξ.
600 3449 642 3499 ol.
664 3447 702 3512 Of.
722 3447 777 3511 lltp.
793 3458 832 3505 66,
847 3457 867 3498 5.
887 3447 909 3510 5.
925 3446 1036 3497 atde

64 3518 119 3569 SC.
138 3516 237 3582 Orphit.
253 3516 283 3584 (6,
298 3517 329 3585 4).
353 3533 436 3583 supra
450 3531 470 3578 1,
486 3529 533 3570 156.
562 3521 624 3568 siout
639 3533 711 3582 supra
726 3513 786 3585 dim]
804 3517 842 3582 Of.
857 3529 878 3575 6,
893 3528 927 3568 46.
946 3528 967 3577 6,
984 3529 1034 3570 tot.

67 3601 91 3648 ι,
108 3600 157 3640 164.
177 3589 209 3638 Ι..
225 3601 258 3642 66.
278 3589 311 3641 Ι).
326 3590 358 3640 de
371 3591 428 3640 auia
442 3597 467 3640 et
481 3593 529 3656 lep.
545 3588 590 3656 (66,
605 3588 652 3656 re).
