2464 3978
356 191 414 226 ean
431 191 523 226 msera.
543 173 577 224 ΙΙ.
593 177 707 226 83-85.
734 239 737 246 1
972 171 1015 235 93

48 343 138 381 suam
161 339 225 380 esse
242 314 366 394 petere.¹
407 321 481 378 ande
501 321 534 377 de
554 321 660 394 pupillo
681 321 789 395 quidem
805 323 959 394 quaeritur,
982 339 1016 377 an

48 409 184 465 'nummis
209 407 254 478 iis,
278 423 348 481 quos
370 414 480 462 mutuos
502 405 586 472 dedit,
609 404 641 460 ab
665 421 715 476 eo,
738 409 785 480 qui
807 407 918 478 accepit,
947 423 1015 479 conf

49 496 166 562 sumtis,
185 499 190 555 t
207 493 302 564 aliqua
317 493 424 547 actione
439 507 487 546 eos
502 491 630 564 persequi
644 492 748 564 possit,
772 491 899 564 quoniam
918 494 983 554 nitri
997 482 1023 545 a'

47 579 222 650 possidente
247 577 393 632 uindicari
416 591 471 630 non
496 568 613 648 potest²
655 571 707 632 83.
729 574 777 631 ’At
799 591 831 632 ex
857 572 1015 637 contrario!

51 677 154 718 omnes
176 676 226 716 res
240 667 299 716 tam
319 662 449 730 mancipi
461 652 567 732 quam³
589 675 642 715 nec
655 661 771 734 mancipi
785 659 947 715 mulieribus
966 654 971 734 Ι
990 665 1070 714 etti.

52 745 171 819 pupillis
186 748 250 801 sine
263 745 363 800 tutoris
384 745 545 800 auctoritate
564 743 637 798 solui
660 752 787 816 possunt,
810 744 936 818 quoniam
957 759 1016 799 me-

11 837 39 884 a]
50 831 157 901 liorem·
168 828 355 885 condicionem
377 843 451 882 suam
469 827 559 883 lacere
580 829 613 882 iis
634 829 715 883 etiam
730 829 789 884 sine
811 828 909 884 tutoris
924 836 1017 884 aucto·

50 917 137 970 ritate
152 929 313 970 concessum
327 919 380 968 est.
408 909 467 968 ·84.
490 913 580 985 ltaque
595 913 619 966 si
634 911 742 968 debitor
756 915 897 986 pecuniam
913 911 1017 986 pupillo

50 997 158 1069 soluat,
176 997 239 1054 lacit
254 996 363 1070 quidem
378 997 518 1069 pecuniam
535 995 647 1069 pupilli,
666 996 715 1052 sed
730 999 789 1070 ipse
804 1014 859 1053 non
875 997 1017 1068 liberatur,

51 1085 117 1156 quia
150 1081 253 1138 nullam
280 1080 472 1154 obligationem
499 1079 619 1153 pupillus
646 1086 704 1136 sine
730 1083 830 1137 tutoris
857 1083 1018 1138 auctoritate

51 1166 209 1223 dissoluere
230 1173 337 1238 potest,
356 1164 411 1220 ’cui
431 1180 485 1220 nee
506 1158 610 1220 ullius⁴
629 1167 670 1221 rei
683 1165 817 1221 alienatio
839 1167 897 1222 sine
919 1167 1018 1222 tutoris

50 1253 219 1306 auctoritate
234 1265 361 1306 concessa
376 1257 434 1318 est;
450 1257 493 1304 set
507 1257 596 1304 tamen
608 1251 631 1304 si
642 1265 675 1304 ex
687 1265 717 1304 ea
728 1251 843 1322 pecunia
854 1249 1019 1322 locupletior

52 1336 144 1392 laetus
167 1337 214 1406 sit,
237 1342 264 1389 et
285 1333 371 1389 adhue
391 1341 478 1406 petat,
499 1349 548 1405 per
568 1334 754 1406 exceptionem
780 1333 836 1389 doli
859 1334 922 1389 meli
944 1349 1017 1389 sum-

52 1420 279 1492 moueripotest.
309 1414 356 1476 85.
371 1417 475 1473 liulieri
492 1424 558 1472 uero
573 1418 652 1472 etiam
667 1418 727 1474 siae
741 1419 841 1474 tutoris
856 1419 1019 1476 auctoritate

53 1511 132 1560 recte
147 1503 221 1559 solui
235 1511 341 1576 potest:
362 1518 423 1558 nam
440 1502 487 1574 qui
500 1501 597 1566 soluit,
614 1499 744 1557 liberatur
758 1501 941 1576 obligatione,
957 1505 1019 1577 'epula

53 1605 100 1644 res
121 1603 175 1644 neo
195 1588 326 1660 mancipi,
350 1593 380 1640 ut
400 1587 522 1658 proxime
541 1585 669 1652 diximus.
690 1603 750 1642 ase
770 1587 908 1644 dimittere
922 1587 1020 1644 mulier

55 1674 139 1728 etiam
160 1673 221 1726 sine
240 1673 340 1726 tutoris
355 1672 517 1726 auctoritate
533 1677 640 1742 potest:
662 1687 824 1744 quamquam
846 1673 899 1728 hoo
914 1673 951 1726 ita
966 1680 1019 1744 est,

54 1759 79 1812 si
95 1757 211 1828 accipiet
224 1757 383 1828 pecuniam3
399 1760 426 1810 at
441 1755 464 1809 si
478 1770 533 1808 non
549 1755 678 1826 accipiat,
700 1762 744 1810 set
759 1750 888 1812 ’babere⁶
903 1771 933 1812 se
948 1755 1020 1812 dicat

57 1851 85 1897 et
101 1857 154 1914 per
168 1839 400 1912 acceptilationem
416 1838 483 1895 uelit
498 1837 650 1894 debitorem
664 1839 723 1894 sine
739 1841 840 1894 tutoris
858 1841 1021 1896 auctoritate

57 1925 186 1996 liberare,
202 1939 257 1978 non
273 1932 374 1997 potest.
845 1947 847 1952 ·

135 2090 154 2158 1)
171 2093 267 2142 Priore
281 2093 444 2142 restitutione
458 2093 486 2140 im
500 2092 540 2140 ed.
555 2104 575 2142 3.
590 2093 654 2142 lcaec
669 2094 705 2142 ad
718 2108 832 2142 mammos
841 2096 940 2158 pupilli
954 2097 1022 2144 atala
1058 2090 1063 2160 J

56 2166 109 2228 fide
128 2171 292 2228 consumptor
309 2165 455 2212 retuleram.
492 2161 545 2212 Sed
562 2179 596 2212 em
620 2164 647 2212 V
648 2159 676 2223 ἢ,
695 2180 751 2213 eum
769 2163 840 2213 Stat
858 2171 977 2226 testetur,
997 2173 1022 2215 et

63 2235 193 2285 Gdselreai
208 2236 331 2284 lectiones
345 2235 369 2282 le.
384 2236 401 2282 l.
417 2235 604 2283 incertissimas
617 2250 672 2284 esse
687 2251 734 2284 aec
748 2236 834 2283 videri
848 2234 884 2283 ibi
902 2236 934 2284 de
953 2239 1022 2286 mala

58 2308 110 2369 fide
123 2313 210 2355 aetam
221 2306 313 2370 fuisse,
328 2307 379 2354 iam
392 2305 447 2354 alia
457 2307 490 2367 ej.
505 2320 593 2353 oerum
605 2321 706 2354 seusam
716 2305 778 2353 milti
788 2306 879 2354 videor
888 2313 1022 2356 assecutas

61 2393 123 2426 esse.
152 2375 287 2440 Scriptum
301 2377 384 2440 faisse
398 2377 492 2440 posui:
510 2375 566 2424 mul.
587 2391 644 2425 uero
663 2391 679 2439 p
699 2377 773 2424 mutui
791 2379 795 2434 Ι
811 2377 928 2425 actionem
947 2393 959 2425 a
979 2392 1021 2426 reo

62 2464 114 2512 pec.
129 2454 241 2511 repetere
255 2455 336 2510 potest
348 2447 387 2494 s'ri
402 2455 444 2495 suu
464 2447 491 2496 e'i
505 2447 604 2510 pellere.
634 2446 723 2495 Minas
737 2448 827 2509 placet
840 2445 925 2512 Krrip.
946 2450 1023 2496 etiam

62 2520 193 2568 audacias
205 2520 304 2582 sappi:
323 2515 424 2567 ‘mulier
444 2533 507 2568 aero
526 2519 627 2566 minime
645 2517 694 2566 leae
712 2518 786 2567 modo
805 2525 915 2580 repetere
933 2526 1022 2581 potest,

62 2597 100 2639 set
114 2592 167 2639 ita:
185 2590 247 2638 dari
261 2588 312 2638 sibi
325 2585 468 2652 oportere’;
484 2591 554 2638 mullo
569 2589 643 2639 modo
658 2588 842 2636 admittendum
857 2587 1023 2638 Mommseai:

66 2659 157 2725 ‘neque
173 2668 256 2708 tamea
269 2661 361 2709 stricto
375 2661 430 2709 iure
444 2667 527 2722 petere
541 2665 622 2722 potest
636 2659 683 2708 sihi
697 2673 741 2708 eos
755 2659 818 2706 dari
831 2656 969 2722 oportere’.

66 2729 86 2798 ⁷)
100 2731 189 2780 Etiam
202 2731 266 2780 ltaec
279 2732 407 2780 scatentia
416 2747 450 2779 eae
466 2731 493 2780 V
494 2726 515 2762 '⁸
528 2731 607 2779 aliter
621 2737 696 2794 etque
706 2730 745 2778 ed.
756 2741 777 2780 t.
792 2732 953 2780 restituenda
960 2731 1022 2795 fait.

65 2803 147 2853 Notas
157 2803 243 2866 fuisse
253 2803 332 2865 posui
346 2803 373 2850 im
385 2799 474 2868 i(unt),
488 2801 535 2850 nisi
550 2808 575 2850 et
588 2801 735 2864 possidente.
769 2799 887 2866 Vestipia
906 2819 928 2850 a.
943 2803 1024 2866 possi·

65 2875 135 2922 dente
156 2880 183 2922 et
202 2872 320 2922 uindicari
338 2879 467 2936 apparent
486 2874 513 2921 ia
534 2870 627 2921 Sclred.
647 2871 818 2921 Blahmiamis.
854 2871 918 2922 Alia
940 2875 1024 2937 suppl.

65 2945 151 3009 Krrtp.
161 2945 216 2992 alia
230 2942 344 2993 Momms.
395 2939 416 3008 ⁸)
434 2943 525 2993 Gdsclt.
540 2951 643 2992 secutus
656 2945 767 2991 restitui.
815 2939 837 3007 ⁴)
853 2943 973 2993 Gerremi.
989 2945 1024 3008 ef.

64 3027 84 3073 2,
94 3027 129 3066 54.
150 3015 205 3079 quia
219 3014 306 3063 nullius
320 3014 413 3063 deinde
423 3021 485 3077 post
501 3013 612 3062 alienatio
626 3015 719 3062 addita
728 3029 790 3064 voce
804 3015 827 3062 ei
839 3015 865 3064 0.
880 3016 938 3064 edd.
948 3017 1026 3064 etiam

64 3102 135 3135 meae
145 3087 260 3150 priores.
321 3080 342 3150 ὅ)
357 3087 374 3133 i.
389 3100 411 3133 e.
426 3091 557 3148 acceptam
571 3083 673 3142 habere,
688 3091 713 3133 et
724 3085 840 3147 sortasse
853 3087 954 3135 caecidit
970 3083 1024 3135 ‘ae-

65 3153 186 3220 ceptam'.
213 3157 251 3219 Cf.
261 3169 281 3206 1.
297 3155 319 3204 I.
335 3155 403 3219 quib.
418 3157 483 3207 med.
501 3155 551 3205 obl.
562 3157 615 3205 toll.
631 3153 662 3221 (a,
672 3153 718 3221 tto).
733 3156 765 3204 J..
781 3167 801 3206 t.
816 3157 849 3204 D.
860 3158 891 3205 de
906 3158 1024 3220 acceptet.

65 3227 110 3292 (ie,
125 3227 150 3294 4)
165 3234 190 3276 et
203 3227 276 3290 infra
290 3239 311 3285 a,
326 3239 372 3278 me.

65 3327 281 3343 —L--—=—-—

139 3393 165 3463 ξ.
180 3399 222 3448 83,
244 3395 282 3458 Cf.
298 3396 322 3456 ἕ.
337 3406 358 3446 2.
374 3395 396 3442 J.
412 3397 456 3443 cit.
467 3410 510 3458 pr.
527 3394 549 3442 I.
565 3395 596 3444 de
611 3403 680 3445 auct.
694 3402 740 3443 tut.
755 3394 787 3460 (1,
802 3392 847 3459 tt).
891 3391 916 3462 fi.
928 3395 970 3444 84.
987 3395 1026 3458 Cf.

67 3471 91 3528 §-
106 3479 128 3516 2.
143 3466 166 3518 I.
182 3469 224 3516 eit.
240 3466 300 3530 ibiq.
320 3465 450 3528 ilreoplrit.
467 3466 519 3515 Cio.
538 3465 598 3529 Top.
615 3479 639 3516 11
656 3467 711 3514 init.
783 3461 809 3533 fi.
825 3467 867 3516 85.
889 3466 927 3528 Os.
943 3477 964 3524 o,
979 3477 1026 3518 tit.

70 3539 123 3588 Cic.
138 3541 155 3587 l.
171 3555 192 3588 c.
208 3534 326 3604 proxime]
341 3538 365 3599 ς.
379 3547 413 3588 oo.
