2464 3978
342 195 404 243 'usn
421 207 514 243 msrrr.
533 189 581 244 111.
597 195 710 245 att-to.
944 187 1008 254 157

54 341 118 394 uiuit
132 341 184 395 iste
199 338 330 410 libertus,
350 340 449 396 ceteris
470 337 575 395 ciuibus
590 339 717 396 Romanis
733 339 836 397 libertis
857 339 951 395 similis
967 348 1010 395 est

54 433 80 480 et
94 425 182 480 iustos
198 423 299 480 liberos
321 433 463 497 procreat,
485 425 602 480 moritur
615 433 703 480 autem
719 423 807 482 Latini
823 425 898 496 iure,
920 439 970 480 nec
985 425 1009 480 ei

55 507 125 563 iiberi
141 509 200 564 eius
216 506 331 565 beredes
347 523 409 564 esse
423 517 555 582 possuut;
571 517 599 564 et
613 509 640 563 in
651 509 705 566 boe
717 517 822 566 tantum
835 507 917 564 babet
928 515 1009 564 testa·

53 593 141 648 menti
154 592 318 664 factionem,
342 600 372 648 ut
393 599 540 666 patronum
562 591 689 649 heredem
716 595 842 650 instituat
864 593 963 666 eique,
987 593 1009 650 si

54 678 128 733 ireres
150 687 212 732 esse
232 675 367 746 anuerit',
390 675 470 732 aiium
492 675 659 734 substituere
681 680 779 752 possit.
823 673 869 736 73.
892 675 926 732 Et
948 679 1010 750 quia

54 761 98 817 bae
112 761 311 817 constitutione
328 759 472 817 uidebatur
493 759 634 832 effectum,
656 771 686 818 ut
702 756 877 836 'numquam1
901 761 947 817 isti
961 761 1010 818 bo·

54 847 133 902 mines
157 850 293 919 tamquam
316 847 390 902 ciues
411 845 523 901 Romani
543 855 730 918 morerentur,
754 847 877 920 quamuis
897 861 929 901 eu
949 847 1010 901 iure

54 935 143 1003 postea
158 931 203 986 usi
218 939 320 1002 essent,
338 947 392 1004 quo
410 929 453 985 uel
469 929 578 1004 exlege
594 932 677 988 Aelio
689 929 781 987 Sentis
797 930 842 986 uei
857 947 888 986 er
901 939 1010 986 senatus

18 1023 44 1070 tt]
55 1014 176 1070 consulto
193 1015 267 1071 ciues
281 1015 394 1071 Romani
409 1023 516 1087 essent,
532 1015 611 1070 diuus
628 1013 793 1079 Hadrianus,
815 1016 957 1088 iniquitate
971 1017 1009 1075 rei

55 1107 149 1168 motus,
166 1108 264 1155 auctor
278 1099 329 1155 init
344 1107 456 1155 senatus
471 1099 588 1155 consulti
603 1099 732 1170 faciundi,
757 1107 789 1156 ut
804 1101 850 1174 qui
866 1101 1010 1174 ignorante

55 1183 94 1239 uei
108 1191 253 1239 recusante
268 1177 405 1257 patrono²
420 1181 452 1238 ab
472 1183 634 1257 imperatore
649 1183 691 1240 ius
710 1183 854 1251 Quiritium
870 1185 1010 1241 consecuti

55 1274 156 1340 essent,
173 1269 196 1323 si
212 1284 245 1324 eo
261 1269 319 1324 inre
334 1276 430 1342 postea
446 1269 488 1323 nsi
504 1276 609 1338 essent,
634 1285 688 1342 quo
705 1269 814 1342 exlege
829 1269 902 1325 delia
918 1267 1010 1324 Sentis

57 1352 95 1408 uel
109 1368 141 1408 er
157 1361 270 1408 senatus
286 1353 422 1423 consulto,
438 1353 462 1408 si
474 1353 559 1408 Latini
575 1353 745 1431 mansissent,
761 1354 898 1410 ciuitatem
914 1353 1009 1410 Roma·

57 1453 110 1492 nam
139 1445 389 1510 consequerentur,
418 1437 532 1510 proinde
558 1437 610 1510 ipsi
639 1435 816 1508 haberentur,
845 1453 875 1494 ao
900 1439 922 1493 si
948 1437 1009 1512 iege

55 1521 121 1576 teiia
137 1520 230 1576 Sentio
247 1521 292 1578 uel
306 1529 418 1578 senatus
433 1521 561 1578 consulto
582 1519 614 1576 ad
639 1523 774 1578 ciuitatem
788 1523 933 1579 Romanam
948 1537 1010 1596 per·

54 1607 197 1662 uenissent.
218 1606 222 1679 Ι

112 1685 159 1750 74.
183 1690 282 1746 Eorum
298 1699 396 1761 autem,
413 1707 482 1763 quos
497 1689 541 1746 ier
556 1691 630 1746 delia
646 1691 740 1748 Sentia
755 1691 943 1748 dediticiorum
959 1708 1009 1748 nu·
1021 1702 1080 1750 147.

57 1790 125 1830 mero
141 1775 216 1846 iacit,
231 1774 302 1831 bona
313 1775 399 1830 modo
414 1776 490 1847 qnasi
506 1777 611 1830 ciuium
623 1775 820 1832 Romanorum
835 1774 1009 1846 libertorum,

58 1859 131 1914 modo
143 1860 220 1934 quasi
232 1858 389 1915 Latinorum
402 1859 434 1916 ad
446 1867 577 1933 patronos
588 1861 736 1932 pertinent.
772 1853 818 1918 76.
834 1859 898 1914 Nam
915 1875 1010 1917 eorum

59 1940 133 2015 isone,
149 1945 213 2016 qui,
229 1945 252 1999 si
267 1947 295 2000 in
312 1943 402 2018 aliquo
418 1943 487 1998 uitio
503 1958 556 1998 non
574 1951 681 2014 essent,
698 1945 854 2000 manumissi
870 1945 943 2000 ciues
958 1943 1010 2001 Ro·

58 2029 120 2083 maui
136 2027 221 2084 iuturi
237 2036 345 2099 essent,
366 2029 442 2104 quasi
463 2027 563 2084 ciuium
578 2027 760 2084 Romanorum
782 2029 903 2103 patronis
919 2027 1010 2086 eadem

59 2109 114 2184 iege
129 2111 301 2170 tribuuntur:
317 2130 373 2170 non
388 2121 478 2170 tamen
491 2113 524 2171 bi
536 2111 636 2168 habent
652 2114 731 2170 etiam
748 2116 903 2172 testamenti
915 2113 1011 2172 factio·

59 2211 129 2252 uem:
144 2213 206 2253 nam
220 2197 248 2252 id
263 2197 401 2272 plerisque
417 2197 527 2271 pisonit,
546 2213 598 2254 nee
612 2198 748 2254 inmerito.
779 2215 839 2253 nam
855 2197 1010 2254 incredibile

59 2279 207 2353 uidebatur,
223 2285 361 2354 pessimae
375 2281 541 2338 condicionis
553 2280 706 2337 bominibus
723 2282 843 2337 uoluisse
857 2282 925 2354 legis
941 2281 1009 2337 iato-

59 2377 109 2418 rem
125 2367 279 2422 testamenti
291 2365 408 2423 faciundi
423 2365 465 2422 ius
478 2363 636 2422 concedere.
669 2361 716 2426 76.
732 2363 831 2422 Eorum
847 2381 913 2422 uero
930 2363 1010 2438 bona,

59 2439 1010 2526 qmmmmmmmmmmmmmmffl

58 2533 1009 2608 emmmmmmmmmmmmstmffimmmmmffl:

61 2631 106 2672 neo
118 2634 160 2674 me
175 2621 327 2693 praeterit,
342 2637 397 2676 non
413 2620 478 2676 satis
493 2620 522 2674 in
537 2635 569 2674 ea
584 2617 696 2692 relegis
711 2619 825 2675 latorem
842 2619 1010 2676 uoluntatem

61 2716 130 2756 suam
145 2704 236 2766 uerbis
251 2707 429 2778 expressisse.

61 2917 188 2968 sitatibus
202 2920 286 2970 inuito.
320 2921 414 2969 iustum
431 2922 514 2970 locam
529 2919 658 2982 wodani,
678 2931 744 2984 qaue
762 2931 813 2983 seq.
828 2919 851 2980 ξ.
867 2918 899 2968 de
917 2918 1011 2982 effectu

61 2985 133 3038 baius
151 2991 341 3040 constitutionis
359 2991 496 3048 dieantur,
518 3005 565 3040 nec
582 2997 660 3040 sanat
677 2991 761 3040 locum
779 2989 825 3038 sed
843 2991 953 3054 amptius
967 2989 1012 3038 de·

58 3067 149 3118 pravat
163 3059 261 3129 [quibus
276 3058 384 3129 casibus]
400 3063 439 3111 ed.
449 3059 524 3112 Sinai.
534 3076 569 3110 ex
579 3060 693 3111 Mosarna.
704 3063 737 3124 ej.
756 3073 759 3080 ’
792 3058 810 3127 ¹)
826 3074 855 3110 no
871 3073 973 3124 unquam
985 3060 1010 3108 0.

65 3123 84 3192 ¹)
99 3128 151 3180 Non
165 3147 229 3196 opas
241 3139 280 3182 cst
289 3139 386 3197 putare
400 3133 544 3183 caecidisse:
563 3132 601 3182 uei
620 3132 687 3181 saluo
706 3131 758 3181 iore
771 3131 879 3196 pomoni,
894 3129 1012 3181 caradoc

61 3203 198 3254 cassidem
212 3206 309 3262 nater-e,
323 3205 393 3268 quod
401 3205 493 3254 atteris
502 3201 601 3254 duobus
611 3202 696 3270 (inuito
707 3201 745 3252 uel
755 3208 881 3254 recusante
891 3199 1012 3268 patrono),

65 3283 96 3317 θέε
108 3275 284 3325 constibatione
302 3273 412 3326 dicioni
426 3277 494 3326 ultro
508 3274 669 3339 sequebatur.

65 3394 267 3410 m

129 3481 153 3554 5.
168 3491 209 3540 73.
230 3487 269 3551 Cf.
284 3500 305 3546 1,
319 3500 345 3538 aa
359 3503 410 3554 seq.
426 3499 451 3540 ss
465 3503 517 3554 seq.
532 3499 622 3554 seseq.
683 3483 709 3557 ἦ.
726 3489 767 3538 74.
789 3487 827 3551 Cf.
844 3499 863 3546 1,
879 3497 904 3538 aa
917 3499 969 3552 seq.

63 3547 89 3618 ᾗ.
104 3557 141 3607 75.
151 3558 199 3622 cf.
215 3572 235 3618 1,
250 3569 284 3610 as.
299 3570 333 3610 ae.
357 3558 412 3622 Uip.
427 3571 462 3617 so,
477 3571 510 3610 aa.
526 3569 559 3610 rs.
