2496 3984
520 213 607 250 auva·
1004 197 1046 262 13

80 336 198 458 3111111111
211 334 282 454 iibri
294 333 449 403 singulares
466 334 501 412 de
517 334 620 456 lggebis
636 335 667 388 ei
678 333 899 456 fideffirnissis
908 338 1045 416 130-36),

85 403 1046 538 111101οτῗρῒὲἒοῇᾗὲἓὲῗωὲἓρὲὃαὲῗῖξξὲὲο1111111113υὲἒέξέξηῖ

84 536 353 604 iurisprudeniium,
375 541 495 604 quorum
512 537 575 592 loca
596 535 713 606 collegit
729 537 842 592 Reizius
862 538 900 592 ad
919 538 1045 607 Theopln

86 604 124 658 ΙΙ.
142 621 169 682 p.
179 609 255 682 ,1237
273 620 331 723 sep.
367 603 427 694 Sed·
441 605 471 657 ei
486 604 543 724 ipsi
558 605 694 672 quartuor
710 603 777 682 libri
787 605 958 682 1111911111,
977 623 1047 674 quos

84 671 257 748 Iusirmarrus
268 687 306 739 pa
318 672 447 748 ambare
458 672 496 724 in
515 672 559 748 uri
570 687 696 740 quosque
713 671 782 724 olrm
793 688 885 739 primo
898 689 971 726 anno
983 675 1048 750 posi

85 739 281 815 Insbbubrones
299 754 338 816 'ex
361 738 453 816 edicio
472 738 595 816 traditos
617 755 676 817 esse
699 740 851 816 memorat,
876 743 1048 822 convemuni

84 804 360 939 1111111111ὲῦ
370 803 537 928 (11111111
549 805 726 943 ”elffii
734 806 908 940 11111111
908 809 1047 928 ”iiiii

83 956 142 993 non
161 939 272 992 dicatur
288 939 373 994 fuisse
392 956 427 994 ex
443 940 523 993 libris
541 939 578 992 ad
596 939 730 1006 edictum,
768 941 826 996 uod
838 941 921 994 facile
933 941 964 994 in
976 942 1047 996 obli-

83 1007 201 1060 vionem
217 1007 315 1060 venire
332 1007 438 1075 potuita
463 1007 512 1060 sed
531 1007 617 1063 Gaius
639 1007 743 1061 idcirco
782 1025 834 1062 ane
850 1009 1000 1064 materiam
1016 1010 1047 1062 in

83 1074 152 1127 Inui.
162 1074 332 1152 praeteriit),
342 1074 377 1128 de
386 1074 485 1128 tutelis
494 1074 624 1144 (allegati
633 1073 694 1152 Gai
706 1082 729 1140 1,
740 1078 814 1152 1818)Ἰ
821 1075 856 1129 de
869 1077 1047 1130 testamentis

19 1148 72 1200 [91]
84 1143 116 1196 eb
133 1141 168 1194 de
186 1141 289 1209 legabis
302 1145 342 1210 (p.
356 1143 483 1200 11111111,
496 1143 538 1208 2):
557 1142 606 1209 qui
643 1142 739 1196 uidem
750 1142 824 1208 libri,
843 1145 877 1196 ub
888 1144 996 1212 opinor,
1009 1144 1046 1197 ab

83 1159 1048 1346 11111111111111111

86 1357 153 1408 pars
170 1341 238 1394 iuris
250 1341 341 1394 civilis
352 1343 411 1396 iam
429 1341 533 1395 veteris
545 1359 630 1410 quam
647 1345 714 1396 novi
726 1344 857 1410 (maxime
871 1361 905 1398 cx
917 1345 982 1414 lege
994 1345 1046 1398 Inl.

86 1409 118 1460 eb
128 1407 160 1463 P.
173 1407 216 1470 P.)
235 1408 290 1462 site
307 1410 376 1466 ereb.
406 1407 591 1476 Sequeniium
602 1425 740 1464 annorum
752 1411 923 1464 lastinianus
934 1415 1047 1470 tanturn

84 1475 187 1529 tibulos
201 1475 462 1552 commemoratum
492 1476 564 1530 rima
578 1478 659 1544 parte
678 1493 713 1530 ex
731 1478 860 1530 omnibus
878 1479 938 1532 eius
955 1479 1044 1546 libris,

83 1493 547 1664 11111111
558 1543 982 1667 1111111
996 1547 1047 1602 ³⁰⁰1

905 1631 943 1666 nn
983 1631 1001 1667 v
1020 1632 1046 1666 r-

84 1626 214 1730 bimus}u
220 1674 351 1730 Getarum
369 1693 434 1730 cum
452 1627 585 1730 selamin
599 1677 752 1746 provinciis
770 1681 800 1732 ei
811 1681 933 1734 maxime
946 1631 1046 1748 uergat

84 1744 117 1796 eb
133 1741 375 1812 Constantinopoli
391 1744 435 1796 ius
453 1743 548 1798 doceri
567 1746 699 1813 coeptum
722 1750 808 1810 esset,
831 1746 875 1798 his
897 1749 927 1799 in
944 1747 1047 1800 scholis

160 1918 179 1984 ¹)
199 1921 247 1969 Hoc
267 1921 399 1970 conicienti
418 1921 477 1970 mibi
500 1921 582 1969 nescio
598 1921 717 1984 quomodo
736 1921 863 1972 Rudorfius
882 1921 1009 1988 (Zeitschr.
1030 1925 1045 1973 l.

85 1992 255 2052 Rechtsgesclr.
270 1991 310 2040 lll.
325 2007 348 2054 p.
364 1990 409 2056 aa.)
423 1993 481 2040 vitio
496 1999 589 2040 uertere
606 1992 691 2054 possit,
706 1993 770 2056 quod
784 2009 831 2042 non
846 1995 1006 2057 respexerim,
1022 2002 1046 2044 et

83 2063 221 2123 visigothos
232 2069 256 2111 et
264 2061 397 2111 Orientales
407 2077 435 2110 ex
447 2069 557 2126 quattuor
567 2062 620 2112 Gaii
629 2063 806 2112 Institutionum
815 2065 883 2114 libris
894 2065 953 2114 duos
964 2073 1047 2128 poste-

84 2134 163 2182 riores
177 2133 201 2180 in
215 2133 305 2182 scholis
319 2133 446 2182 abiecisse.
474 2131 534 2182 Nam
554 2140 577 2181 et
596 2134 659 2196 quod
672 2133 701 2182 de
716 2134 877 2184 Orientalibus
892 2136 963 2198 dicit,
982 2135 1045 2184 nullo

85 2210 183 2252 auctore
198 2203 280 2252 nititur
294 2201 335 2268 (ci.
350 2219 374 2266 p.
390 2213 436 2254 155.
451 2210 501 2252 not.
515 2201 548 2268 a),
562 2218 606 2252 nec
621 2210 696 2253 totum
710 2206 769 2267 boc,
784 2206 845 2269 quod
862 2220 944 2254 omnes
959 2207 1046 2269 partim

84 2274 196 2322 barbarie
211 2273 281 2322 istius
295 2274 347 2322 aevi
361 2275 504 2338 pigritiaque
512 2275 648 2323 scholarum
661 2276 749 2338 partim
759 2276 926 2337 desuetudine,
941 2277 965 2324 in
975 2291 1046 2339 quam

85 2345 123 2394 ius
138 2345 162 2392 iu
177 2344 223 2392 illis
237 2344 306 2392 libris
321 2345 433 2394 traditum
447 2345 551 2406 abierat,
566 2347 677 2394 effectum
692 2360 747 2394 esse
761 2347 927 2407 consentiunt,
942 2347 972 2394 ad
985 2359 1045 2408 rem,

85 2415 116 2464 de
131 2431 177 2477 qua
191 2415 229 2464 bic
243 2415 328 2476 agitur,
343 2415 469 2478 quicquam
483 2416 547 2464 iacit.
572 2415 640 2472 Quod
654 2431 711 2464 vero
726 2417 755 2464 dc
769 2417 793 2464 b.
808 2431 832 2478 p.
843 2417 907 2478 apud
917 2416 968 2465 Gai.
979 2429 1001 2478 a,
1010 2427 1044 2468 31

85 2486 178 2546 obiicit,
193 2485 265 2534 idme
275 2500 320 2534 nec
335 2485 480 2533 intellexisse
489 2486 573 2532 fateor.
622 2481 642 2548 Ζ)
658 2486 680 2534 is
695 2487 759 2536 enim
773 2487 816 2534 hss
831 2487 955 2548 materias,
968 2487 1045 2536 adhuc

84 2563 177 2604 tantum
192 2556 216 2604 iu
230 2555 299 2604 libris
314 2555 374 2603 iuris
389 2555 465 2604 ciuilis
481 2562 504 2602 ct
518 2555 620 2604 maxime
632 2556 657 2602 in
667 2555 803 2604 Sabinianis
813 2557 947 2604 accuratius
957 2563 1046 2605 tracta-

85 2633 136 2687 tas,
160 2627 184 2674 iu
202 2626 276 2674 edicti
296 2625 407 2688 perpetui
428 2625 601 2687 compositione
623 2625 696 2674 ctiam
714 2625 794 2673 edicto
818 2633 966 2686 asseruerat,
986 2641 1045 2689 quae

86 2696 176 2760 passim
191 2696 221 2744 de
235 2697 266 2744 iis
280 2704 349 2744 antes
363 2695 532 2756 sinebantur,
546 2695 722 2763 colligendopet
735 2696 780 2744 sub
795 2696 868 2744 certis
882 2697 958 2745 titulis
971 2698 1046 2746 semel

85 2767 249 2830 proponendo.
279 2765 313 2815 Cf.
329 2766 395 2814 Leist
408 2767 601 2828 Rechtssystemc
615 2781 639 2829 p.
654 2777 702 2828 ea,
722 2781 735 2814 a
750 2781 798 2830 quo
815 2767 922 2816 adhibito
936 2768 1046 2832 Byzanti-

85 2851 171 2888 norum
192 2838 329 2886 testimonio
348 2845 372 2885 et
395 2837 485 2886 diserto
507 2844 531 2885 ct
555 2837 680 2886 verisimili
703 2845 801 2900 propter
822 2845 941 2887 caeteram
962 2854 1045 2889 eorum

86 2908 242 2970 ignorantiam
256 2908 315 2956 sudes
331 2908 466 2969 deroganda
480 2923 527 2956 nou
542 2914 601 2956 erat.
640 2905 661 2972 ³)
676 2909 753 2956 Etiam
763 2923 815 2958 mos
826 2910 959 2971 singulares
969 2911 1044 2960 libros

84 2979 230 3042 appellandi,
244 2993 298 3028 cum
313 2979 383 3028 unico
398 2979 460 3028 libro
474 2979 616 3041 opusculum
629 2987 765 3041 constaret,
784 2980 905 3044 antiquior
919 2981 978 3030 Gaio
998 2996 1045 3030 nou

87 3050 187 3098 videtur.
216 3049 255 3098 Sic
269 3055 365 3112 praeter
378 3050 457 3112 ipsum
472 3050 524 3098 eius
538 3049 649 3112 aequales
663 3049 778 3100 lulianum
797 3051 827 3100 de
842 3052 1043 3113 ambiguitatibus,

86 3120 241 3182 Pomponium
261 3121 387 3170 enchiridii
405 3121 492 3170 librum
513 3120 657 3181 singularem
681 3121 775 3170 invenio
798 3123 937 3185 scripsisse,
971 3123 1050 3170 Antea

86 3192 147 3240 liber
161 3191 301 3254 simpliciter
310 3191 443 3252 dicebatur,
458 3206 493 3240 ex.
503 3206 539 3252 gr.
552 3198 577 3241 ut
592 3191 738 3254 antiquiores
753 3199 853 3254 taceam,
868 3191 958 3240 Neratii
969 3190 1045 3239 Prisci

86 3262 116 3310 de
131 3260 226 3310 dotibus
240 3261 311 3324 (Geli.
325 3274 346 3322 4,
356 3260 389 3327 4),
404 3262 501 3310 Masurii
516 3262 599 3310 Sabini
613 3261 643 3310 de
657 3262 726 3310 furtis
740 3260 856 3326 (Gellii,
868 3261 912 3322 18),
926 3261 1044 3310 Labeonis

88 3333 117 3380 de
136 3332 216 3380 officio
235 3333 356 3382 senatorio
377 3331 447 3397 (Geli.
462 3344 484 3394 4,
499 3331 549 3397 10),
564 3331 675 3382 Cascellii
693 3347 753 3380 unus
772 3333 953 3380 benedictorum
967 3331 1003 3394 (t.
1023 3342 1044 3380 a.

88 3405 112 3464 §-
125 3414 159 3452 44.
174 3403 201 3450 D.
217 3402 246 3452 de
260 3403 320 3464 orig.
336 3403 379 3452 iur.
395 3414 416 3464 1,
430 3402 462 3468 a).
492 3403 519 3460 0.
535 3403 639 3452 Mucium
652 3417 708 3450 vero
723 3401 769 3450 alia
783 3402 875 3450 ratione
893 3401 979 3450 librum
994 3400 1044 3448 sin-

88 3473 191 3534 gularem
205 3463 279 3536 dacin
302 3473 443 3535 scripsisse,
461 3473 554 3524 ratione
572 3473 665 3522 scilicet
684 3472 763 3520 habita
782 3472 897 3518 librorum
912 3470 1045 3520 octodecim

89 3545 118 3592 de
132 3543 182 3600 iure
194 3544 269 3605 civili,
284 3544 370 3607 quibus
385 3545 453 3606 quasi
467 3544 585 3594 universis
600 3543 734 3602 accederet,
745 3542 792 3588 iam
806 3540 861 3588 diri.
