2470 3972
136 149 138 154 y
186 173 251 237 228
480 189 539 225 oen
556 190 650 224 xxsnxr.
669 171 717 224 IV.
738 177 852 226 ru-te.

186 323 309 396 proditae
326 330 405 392 sunt,
421 323 462 376 nti
477 320 571 376 liceret
586 321 657 394 patri
677 319 824 375 dominoue
845 329 892 375 aut
914 321 969 375 litis
985 322 1138 376 aestimatio·

126 407 128 412 '
187 423 249 462 nem
265 405 380 461 sullerre
396 414 442 460 aut
457 421 544 460 noxae
560 404 673 460 dedere:
688 408 747 459 erat
762 405 832 458 euim
848 405 983 476 iniquum,
999 406 1147 476 nequitiam,

186 507 280 546 eorum
297 490 366 544 ultra
382 491 503 562 ipsorum
519 487 805 561 corporaparentibus
823 489 977 544 dominisue
992 489 1138 544 damnosam

186 591 256 631 esse.
301 569 348 630 76.
372 573 540 629 Constitutae
556 581 620 628 suut
640 581 729 627 antem
745 572 855 628 noxales
875 575 998 628 actiones
1015 581 1062 628 aut
1076 572 1138 646 legi-

186 658 238 714 bus
252 667 298 713 aut
313 659 403 714 erlieto
419 659 566 731 praetoris:
590 656 715 730 legibus,
732 656 807 710 uelut
821 656 888 711 lurti
903 657 967 730 lege
981 673 1029 713 xxx
1043 656 1139 712 tabula·

185 759 261 807 rum,
278 742 366 797 damni
381 743 494 798 iniuriae
509 741 570 815 lege
586 741 707 812 Aquilia3
730 740 819 796 edicto
841 742 992 813 praetoris,
1015 741 1088 796 uelut
1101 743 1139 795 iu-

186 829 314 882 iuriarum
331 833 359 882 et
374 828 402 881 ui
417 825 550 881 honorum
566 833 716 898 raptorum.
752 819 797 880 71.
814 824 913 880 Omnes
928 835 1019 881 autem
1034 824 1139 880 noxales

185 913 305 968 actiones
320 919 403 983 caput
418 918 591 982 sequnnturt'
607 925 666 963 nam
688 909 711 963 si
731 907 803 963 lilius
818 917 883 964 tuus
898 925 1033 964 seruosne
1047 925 1139 964 noxam

186 995 367 1066 commiserit,
384 993 511 1066 quamdiu
525 995 554 1050 in
568 1002 615 1048 tua
629 1000 766 1070 potestate
782 1001 840 1065 est,
856 1001 946 1048 tecum
963 1003 1006 1049 est
1020 995 1104 1061 actio,
1119 994 1140 1046 si

185 1081 212 1134 in
228 1079 338 1134 alterius
355 1084 516 1151 potestatem
537 1077 709 1150 peruenerit,
730 1093 791 1132 curn
814 1076 861 1134 illo
876 1077 969 1150 incipit
985 1081 1055 1133 actio
1070 1093 1141 1142 esse3

185 1165 209 1219 si
224 1163 266 1218 sui
280 1163 346 1217 iuris
364 1163 485 1235 coeperit
501 1178 572 1232 esse,
589 1162 689 1216 directa
704 1161 775 1216 actio
790 1177 851 1216 cum
866 1163 927 1234 ipso
943 1171 1002 1230 est,
1018 1171 1045 1216 et
1060 1177 1143 1216 noxae

186 1246 288 1302 deditio
304 1248 484 1320 extinguitur.
522 1263 553 1302 ex
574 1245 683 1300 diuerso
707 1259 818 1318 quoque
838 1244 940 1300 directa
956 1247 1027 1302 actio
1043 1245 1142 1301 noxalis

186 1348 247 1387 esse
268 1331 377 1404 iucipita
403 1347 464 1384 nam
485 1331 507 1384 si
530 1328 722 1402 paterfamilias
744 1345 840 1384 noxam
866 1331 1052 1401 commiserit,
1074 1339 1100 1385 et
1121 1331 1143 1383 is

185 1433 215 1471 se
230 1417 258 1470 in
273 1415 477 1487 adrogatiouem
492 1415 542 1470 tibi
564 1412 668 1468 dederit
684 1421 729 1467 ant
744 1429 843 1468 seruus
857 1421 922 1468 tuus
938 1431 999 1469 esse
1015 1415 1142 1487 coeperit,

185 1499 282 1572 (quod)
298 1498 457 1572 quibusdam
477 1498 583 1553 casibus
605 1497 726 1552 accidere
746 1498 833 1568 primo
854 1499 1049 1553 commentario
1065 1497 1144 1552 tradi·

185 1583 283 1654 dimus,
299 1584 396 1656 incipit
411 1593 500 1638 tecum
515 1581 619 1638 noxalis
634 1582 705 1636 actio
721 1597 790 1652 esse,
808 1597 876 1654 quae
891 1590 954 1636 ante
970 1581 1073 1638 directa
1084 1573 1143 1636 rust.

184 1663 232 1724 78.
256 1666 308 1722 Sed
323 1669 346 1722 si
367 1666 439 1721 lilius
454 1667 525 1738 patri
546 1675 592 1734 aut
607 1681 705 1721 seruus
727 1665 837 1720 domino
858 1681 955 1720 noxam
971 1667 1145 1734 commiserit,

185 1750 259 1808 nulla
275 1753 346 1807 actio
360 1752 495 1808 nascitur:
516 1749 591 1806 nulla
606 1751 675 1805 enim
692 1751 802 1804 omniuo
817 1749 947 1804 interme
962 1759 990 1805 et
1006 1766 1083 1820 euru,
1098 1751 1146 1822 qui

186 1841 214 1892 in
230 1844 368 1908 potestate
384 1851 442 1890 mea
458 1844 515 1906 est,
531 1833 662 1908 obligatio
678 1834 753 1889 nasci
768 1841 875 1904 potest3
899 1833 1017 1906 ideoque
1038 1842 1066 1888 et
1080 1835 1103 1888 si
1117 1835 1145 1887 in

117 1920 301 1979 218.alieuam
328 1914 333 1994 Ι
352 1927 514 1992 potestatem
535 1919 692 1992 peruenerit
712 1927 758 1972 aut
777 1919 819 1971 sui
840 1917 909 1972 iuris
930 1933 991 1972 esse
1013 1919 1145 1991 coeperit,

184 2021 272 2076 neque
287 2019 348 2058 cnm
364 2007 424 2076 ipso
438 2019 527 2076 neque
543 2019 603 2058 cum
624 2017 673 2072 eo,
695 2003 773 2058 cuius
793 2017 866 2056 nuuc
885 2003 912 2056 iu
933 2010 1071 2074 potestate
1090 2011 1144 2071 est,
1210 2001 1216 2016 ’

184 2091 228 2162 agi
243 2096 344 2160 potest.
375 2087 446 2142 unde
467 2087 622 2160 quaeritur,
641 2087 664 2140 si
678 2085 781 2140 alienus
802 2101 899 2140 seruus
923 2084 1032 2141 liliusue
1047 2101 1143 2142 noxam

112 2189 116 2203 ·
183 2173 350 2230 commiserit
365 2171 444 2240 mihi,
467 2179 495 2226 et
509 2170 533 2226 is
548 2178 644 2244 postea
658 2171 686 2225 in
702 2186 760 2224 mea
776 2186 836 2225 esse
851 2171 972 2242 coeperit
995 2178 1143 2243 potestate,
1154 2180 1202 2228 [ees]

184 2267 275 2313 utrum
290 2255 433 2312 intercidat
448 2257 534 2324 actio,
549 2272 582 2310 an
598 2255 733 2328 quiescat:
749 2255 837 2310 nostri
851 2263 1045 2326 praeceptores
1061 2256 1145 2309 inter-

185 2341 274 2400 cidere
290 2349 400 2413 patent,
424 2341 485 2413 qnia
499 2341 529 2394 in
543 2356 604 2394 eum
619 2355 710 2394 casnm
727 2337 841 2415 deducta
855 2339 901 2409 sit,
917 2340 946 2392 in
961 2354 1017 2410 quo
1035 2331 1144 2414 finitio¹

186 2427 336 2482 consistere
348 2441 402 2480 non
413 2424 547 2496 potnerit,
562 2423 689 2496 ideoque,
701 2423 766 2478 licet
776 2423 871 2478 exierit
881 2422 915 2477 de
927 2437 985 2476 mea
996 2427 1144 2494 potestate,

185 2525 268 2584 agere
282 2502 326 2563 me'
340 2525 395 2564 non
410 2524 508 2582 posse3
529 2507 652 2563 diuersae
673 2505 784 2564 scholae
804 2515 947 2576 auctores,
970 2500 1098 2578 quamdiu
1118 2507 1144 2560 iu

186 2610 245 2650 mea
260 2601 397 2666 potestate
413 2594 458 2662 sit,
474 2593 614 2664 quiescere
625 2592 758 2647 actionem
770 2599 877 2664 putant,
888 2593 956 2664 quio
968 2590 1030 2662 ipse¹
1041 2606 1144 2644 mecum

185 2694 265 2751 agere
287 2694 342 2733 uon
366 2679 485 2750 possim,
507 2693 568 2732 cum
589 2691 655 2732 uero
671 2677 768 2745 exierit
783 2675 816 2730 de
832 2691 890 2730 mea
904 2681 1060 2747 potestate,
1081 2683 1144 2728 tuuc

186 2779 245 2818 eam
272 2763 439 2819 resuscitari.
488 2755 535 2815 79.
565 2760 630 2816 Cum
659 2768 748 2814 autem
777 2757 964 2814 filiusfamilias
995 2773 1029 2812 ex
1057 2757 1144 2812 noxali

260 2927 280 2994 ¹)
294 2928 447 2978 EaeBlultm.
456 2927 557 2988 Soteri,
571 2929 616 2978 ubi
629 2935 689 2978 ante
698 2933 812 2978 notatum
826 2928 860 2976 tio
873 2927 1013 2976 secundum
1028 2926 1055 2974 V
1056 2921 1078 2957 ⁸²
1086 2941 1144 2975 cor-

185 3003 288 3065 ruptela
298 3001 443 3050 litterarum
457 3000 490 3048 ini
500 3001 585 3062 fuisse
598 3001 708 3050 videtur.
730 2999 768 3062 Of.
783 2999 819 3046 ad
827 3000 850 3059 ξ.
860 3009 881 3048 a.
900 2997 923 3045 Ι.
938 2997 970 3045 de
984 2997 1070 3045 iautil.
1084 2998 1143 3060 stip.

186 3070 309 3192 {2325
327 3070 476 3144 Schradero
496 3073 615 3136 allegata.
648 3069 699 3118 Om.
720 3070 805 3118 [notit.
824 3069 864 3117 ed.
884 3067 958 3116 stud.
986 3067 1049 3116 actio
1069 3075 1144 3116 auten

187 3249 400 3258 ..-———--—·-—

257 3297 558 3368 §.76.=§.4.I.ib.
622 3289 906 3367 §.'tt.=§.s.l.tt.
928 3297 967 3360 Cf.
983 3297 1060 3345 Paut.
1074 3308 1095 3354 2,
1110 3308 1142 3347 81.

187 3374 297 3434 §gea
316 3369 509 3439 prouocemus]
528 3373 614 3433 §.xeo
676 3366 703 3438 ξ.
719 3372 761 3420 78.
783 3369 821 3432 Of.
840 3370 863 3430 ξ.
879 3381 899 3419 o.
919 3367 942 3416 I.
962 3367 995 3416 it.
1014 3365 1047 3416 L.
1062 3379 1142 3418 rest-

187 3444 220 3490 Ι).
235 3443 266 3491 de
278 3443 345 3504 furt.
360 3441 404 3506 (tr,
418 3441 450 3508 a).
469 3442 500 3490 L.
516 3454 550 3492 au.
570 3442 602 3490 D.
622 3441 654 3490 de
668 3443 757 3490 uocat.
772 3447 823 3489 oct.
838 3439 869 3504 (o,
882 3437 914 3504 4).
965 3433 990 3504 ὅ.
1007 3440 1049 3488 79.
1071 3437 1108 3500 Os.
1122 3451 1142 3496 1,

188 3523 227 3544 ‘¹⁴
240 3527 292 3575 sep.
313 3523 359 3562 132.
375 3523 421 3562 teo.
441 3513 473 3559 L.
488 3525 508 3563 3.
528 3515 552 3572 ἓ.
566 3524 587 3562 4.
607 3512 639 3562 D.
659 3512 691 3560 de
705 3511 769 3561 hono.
785 3509 827 3559 tit.
843 3510 902 3558 eccll.
917 3507 963 3574 (4³,
978 3506 1023 3572 29).
