2464 3978
332 212 390 248 arn
407 212 499 248 nram.
519 193 554 250 Π.
575 197 724 248 eso-aea.
941 190 1003 254 131

27 358 142 413 vom,
175 358 446 414 eronroonrrrrrw,
475 354 545 416 quae
567 341 681 416 proinde
705 339 779 396 iirma
802 339 907 413 singula
930 346 1005 408 sunt,

28 439 121 500 atque
139 429 166 483 si
183 429 271 483 omnia
286 429 314 484 in
330 444 412 484 unum
428 435 561 501 congesta
572 428 635 482 sint.
674 421 743 484 250.
766 424 831 480 Cum
843 425 928 498 igitur
939 424 1006 480 sori·

27 513 197 582 pserimus:
214 510 340 584 (encres)
363 528 468 570 ususve
483 525 584 568 nenne
600 525 697 582 neno,
717 525 864 584 possumus
882 507 1003 564 adicere:

29 611 126 654 notro
155 613 213 666 nn,
235 611 308 654 nvor
331 612 415 666 uini,
437 611 585 660 Psuoovn
607 612 628 652 n
650 613 701 667 nn,
724 611 776 665 vr,
800 609 863 650 ovar
884 609 1006 650 estavar

30 695 152 738 rosels
174 697 405 738 nenbrunnen
426 696 514 737 netu
536 697 650 752 nomn,
674 694 750 738 earo
774 693 845 735 snio
867 692 1004 748 annone,

29 775 228 823 nnsrtnvlt's.
259 781 404 838 possumus
420 774 510 820 autem
525 772 553 820 et
568 764 601 820 de
617 771 693 837 parte
708 761 875 818 restituenda
890 777 1003 835 rogare;

31 858 61 904 et
76 849 204 904 liberum
219 857 272 921 est,
288 849 333 906 uel
348 848 399 904 sub
415 848 574 906 condicione
589 848 634 904 rrel
649 864 716 921 pure
731 847 886 919 relinquere
905 840 910 922 Ι
931 843 1003 904 fidei·
1014 852 1073 902 118.

31 936 197 1003 commissa,
214 933 259 989 uel
275 950 307 989 en
322 934 365 989 die
381 940 463 988 certa.
508 929 572 992 251.
596 933 731 990 Restituta
746 939 837 988 autem
853 931 1003 988 hereditate

31 1019 64 1085 is,
84 1019 138 1090 qui
154 1018 286 1082 restituit,
303 1017 477 1074 nihilominus
490 1017 569 1074 heres
581 1025 736 1090 permanet,
753 1018 776 1071 is
788 1031 865 1086 uero,
879 1017 924 1088 qui
935 1015 1003 1072 reoi-

32 1104 72 1173 pit
88 1101 287 1172 hereditatem,
299 1101 444 1174 aliquando
454 1101 560 1157 heredis
574 1101 636 1156 loeo
649 1111 701 1171 est,
710 1099 854 1174 aliquando
867 1099 1002 1173 legatarii.

31 1181 103 1242 252.
123 1185 197 1242 Olim
212 1195 302 1242 autem
317 1203 369 1242 nec
381 1186 488 1242 heredis
500 1185 561 1241 loeo
574 1194 632 1240 erat
645 1201 695 1242 nee
705 1186 838 1258 legatarii,
850 1183 899 1238 sed
910 1183 1003 1257 potius

10 1271 188 1343 temptoria:
210 1279 276 1326 tune
295 1272 366 1326 enim
382 1271 409 1326 in
425 1267 480 1326 nsrr'
493 1278 567 1340 erat,
582 1272 624 1341 ei,
645 1269 688 1324 eui
708 1267 904 1324 restituebatur
924 1269 1003 1324 here-

33 1356 115 1426 dites,
137 1371 248 1410 nummo
263 1371 317 1409 noo
330 1371 388 1410 eam
400 1353 576 1410 hereditatem
591 1354 659 1408 dieis
671 1354 875 1420 causauenire3
891 1361 918 1408 et
933 1368 1003 1425 uuae

35 1439 234 1512 stipulationes
246 1438 317 1494 inter
327 1435 515 1510 (uenditorem
526 1439 695 1494 hereditatis
707 1445 734 1492 et
749 1443 903 1508 emptorem
914 1440 1003 1492 inter·

33 1528 105 1593 poni
121 1527 226 1594 solent,
243 1525 358 1578 eaedem
373 1523 633 1593 interponebantur
647 1518 733 1594 inter)
746 1521 871 1578 heredem
887 1529 915 1578 et
929 1537 1002 1591 eum,

37 1608 78 1662 eui
94 1607 295 1664 restituebatur
316 1605 469 1676 hereditas,
490 1607 517 1662 id
537 1615 578 1662 est
599 1606 651 1662 hoo
671 1606 766 1660 modo:
790 1606 869 1684 heres
893 1605 1002 1679 quidem

37 1691 224 1764 stipulabatur
246 1690 279 1746 ab
301 1707 345 1760 eo,
368 1692 412 1746 eui
435 1689 629 1746 restituebatur
651 1690 795 1758 hereditas,
820 1698 849 1744 ut
873 1688 1002 1762 quiequid

39 1775 206 1832 hereditario
222 1777 331 1831 nomine
347 1774 543 1830 condemnatus
559 1769 687 1840 'luisset,¹
706 1775 763 1828 siue
776 1773 841 1845 quid
855 1773 918 1830 alias
931 1772 1001 1828 lrona

39 1858 90 1914 hle
107 1860 240 1927 dedisset,
252 1876 284 1915 eo
301 1860 410 1937 nomirpe
424 1858 556 1914 indemnis
572 1867 656 1928 esset,
670 1859 819 1914 etomnino
832 1858 927 1929 siquis
939 1874 1000 1912 ourn

39 1960 68 1997 eo
92 1943 259 2000 hereditario
282 1945 391 2000 nomine
411 1949 520 2016 ageret,
546 1935 606 1998 'ut²
626 1947 700 1998 reete
721 1941 928 2014 defenderetur,
954 1941 1000 1998 ille

40 2043 120 2090 uero,
145 2030 192 2101 qui
208 2027 355 2102 recipiebat
369 2026 563 2094 hereditatem,
583 2028 698 2082 inuicem
718 2025 914 2098 stiptdabatur,
931 2033 962 2082 ut
976 2027 1000 2082 si

40 2114 144 2183 quidex
156 2113 307 2170 hereditate
319 2111 351 2166 ari
364 2111 491 2168 heredem
504 2113 683 2184 peruenisset,
696 2111 723 2168 id
734 2110 783 2166 sihi
796 2112 999 2180 restitueretur,

41 2190 118 2270 'tet)³
142 2205 174 2252 ut
195 2197 275 2252 etiam
290 2204 446 2269 pateretur,
468 2191 530 2250 eum
545 2196 721 2251 hereditarias
737 2197 856 2251 actiones
872 2211 1001 2268 procura·

42 2282 109 2336 torio
125 2288 175 2336 aut
190 2282 344 2353 cognitorio
360 2281 469 2337 nomine
488 2281 595 2352 exequi.
640 2277 709 2339 253.
732 2280 785 2336 Sed
801 2277 1000 2352 posterioribus

43 2363 211 2438 temporibus
233 2363 368 2421 Trebellio
392 2363 504 2420 llanimo
528 2372 555 2418 et
577 2367 692 2419 Annaeo
715 2364 818 2420 Seneca
842 2361 999 2418 consulibus

41 2449 316 2504 senatusconsultum
331 2448 496 2512 factumest,
515 2463 569 2520 quo
583 2456 689 2503 cautum
708 2455 760 2515 est,
774 2457 804 2502 ut
822 2447 846 2502 si
862 2447 904 2502 oui
921 2446 999 2503 here·

42 2530 107 2588 ditas
130 2549 164 2588 er
186 2531 384 2588 fideicommissi
399 2549 478 2588 eausa
494 2533 620 2588 restituta
640 2534 687 2602 eit,
703 2533 835 2601 actiones,
851 2547 924 2603 quoe
939 2531 999 2586 inre

42 2617 110 2672 ciuili
126 2617 220 2673 heredi
235 2625 263 2672 et
277 2618 304 2672 in
320 2617 447 2672 heredem
463 2625 649 2690 competerent,
668 2611 720 2692 (ei)
738 2626 765 2672 et
780 2617 807 2680 in
822 2631 884 2672 eum
900 2615 996 2672 daren-

44 2707 93 2770 tur,
116 2703 158 2757 eui
175 2719 207 2757 ex
223 2699 431 2757 fideicommissa
446 2702 573 2756 restituta
589 2710 661 2756 esset
677 2701 828 2768 hereditas3
844 2708 907 2773 post
923 2699 997 2773 quod

42 2785 319 2841 senatusconsultum
335 2785 474 2840 desierunt
490 2785 555 2840 illae
579 2787 719 2840 cautiones
741 2787 768 2840 in
791 2775 841 2840 usit
857 2784 964 2840 haberi:
989 2777 1065 2861 [119.

42 2877 149 2937 praetor
170 2871 241 2926 enirn
265 2869 346 2926 utiles
362 2871 482 2926 actiones
498 2871 521 2924 ei
538 2878 565 2924 et
580 2871 607 2924 in
623 2886 695 2940 eum,
711 2872 757 2942 qui
774 2870 876 2942 recepit
891 2869 996 2926 heredi·

44 2983 249 2995 ἢ*

14 3039 16 3048 “
113 3034 131 3102 ¹)
144 3040 261 3088 noluisset
274 3038 389 3104 Kriiper.
411 3054 461 3088 non
481 3054 545 3110 (pons
564 3046 588 3088 et
609 3039 660 3087 oid.
676 3039 708 3090 L.
724 3051 745 3089 2.
760 3042 798 3101 ἓξ.
814 3052 847 3090 10.
863 3051 896 3090 2ο.
916 3040 949 3087 Ι).
964 3041 996 3088 de

42 3106 93 3154 lter.
108 3125 129 3157 o.
144 3117 193 3160 act.
209 3110 282 3158 vend.
299 3107 344 3174 (18,
353 3109 384 3176 t).
425 3105 446 3171 ²)
464 3108 554 3158 Omisit
568 3110 607 3158 ed.
618 3109 666 3174 By.
677 3121 698 3160 5.
714 3127 728 3160 u
742 3112 924 3173 superpositot
939 3110 967 3158 V
967 3105 995 3158 ⁵0.

44 3172 63 3241 5)
77 3178 174 3230 Addidi
187 3196 222 3230 ear
235 3181 320 3231 vicino
336 3183 396 3230 olim
410 3181 554 3230 restitueret.

107 3336 131 3406 ξ.
147 3343 207 3390 250.
224 3361 258 3382 =
273 3342 295 3402 ξ.
311 3352 330 3390 2.
346 3341 409 3390 ned.
424 3339 446 3389 I.
462 3341 493 3390 de
505 3340 584 3402 fdcm.
599 3340 686 3390 bened.
703 3337 735 3405 (2,
745 3338 789 3404 ee).
809 3339 879 3404 Epir.
894 3349 915 3398 2,
926 3351 938 3390 ‘t
948 3355 985 3404 pr

45 3403 67 3474 §.
80 3413 135 3460 251.
151 3433 185 3453 =
199 3414 222 3472 ἓ.
238 3423 258 3462 e.
277 3411 299 3459 I.
315 3411 371 3460 eod.
386 3412 461 3474 infre
475 3414 498 3473 ἓ.
513 3422 560 3462 255.
616 3407 642 3478 ξ.
657 3413 717 3461 252.
739 3410 776 3473 Cf.
797 3409 907 3474 Theoplt.
922 3422 943 3468 2,
958 3422 992 3462 22.

45 3480 64 3536 i·
76 3491 95 3530 e.
109 3481 139 3530 L.
154 3493 187 3533 aa.
207 3482 239 3530 D.
255 3483 287 3530 de
301 3485 349 3546 lep.
365 3495 385 3532 e.
457 3479 903 3550 §.253.==§.4.1.1.e.(a,ee).
930 3489 990 3530 tem-

9 3595 13 3598 .
46 3548 145 3619 poribus]
163 3552 275 3602 Neronis
290 3569 313 3601 α.
329 3564 424 3603 ot—oe.
452 3554 489 3616 Cf.
507 3552 582 3602 Paul.
597 3565 618 3609 4,
634 3565 654 3602 2.
679 3551 734 3614 etp.
750 3563 783 3609 24,
799 3565 832 3604 14.

742 3640 779 3691 9*
